@article{gattami2011establishing,
  title={Establishing safety for heavy duty vehicle platooning: A game theoretical approach},
  author={Gattami, Ather and Al Alam, Assad and Johansson, Karl H and Tomlin, Claire J},
  journal={IFAC Proceedings Volumes},
  volume={44},
  number={1},
  pages={3818--3823},
  year={2011},
  publisher={Elsevier}
}

@article{milanes2013cooperative,
  title={Cooperative adaptive cruise control in real traffic situations},
  author={Milan{\'e}s, Vicente and Shladover, Steven E and Spring, John and Nowakowski, Christopher and Kawazoe, Hiroshi and Nakamura, Masahide},
  journal={IEEE Transactions on intelligent transportation systems},
  volume={15},
  number={1},
  pages={296--305},
  year={2013},
  publisher={IEEE}
}

@article{rajamani2000demonstration,
  title={Demonstration of integrated longitudinal and lateral control for the operation of automated vehicles in platoons},
  author={Rajamani, Rajesh and Tan, Han-Shue and Law, Boon Kait and Zhang, Wei-Bin},
  journal={IEEE Transactions on Control Systems Technology},
  volume={8},
  number={4},
  pages={695--708},
  year={2000},
  publisher={IEEE}
}

@article{li2017dynamical,
  title={Dynamical modeling and distributed control of connected and automated vehicles: Challenges and opportunities},
  author={Li, Shengbo Eben and Zheng, Yang and Li, Keqiang and Wu, Yujia and Hedrick, J Karl and Gao, Feng and Zhang, Hongwei},
  journal={IEEE Intelligent Transportation Systems Magazine},
  volume={9},
  number={3},
  pages={46--58},
  year={2017},
  publisher={IEEE}
}

