@inproceedings{bullo1995proportional,
  title={Proportional derivative (PD) control on the Euclidean group},
  booktitle={Technical Report}
  author={Bullo, Francesco},
  year={1995}
}
