@article{ames2017control,
  title={Control barrier function based quadratic programs for safety critical systems},
  author={Ames, Aaron D and Xu, Xiangru and Grizzle, Jessy W and Tabuada, Paulo},
  journal=IEEE_J_AC,
  volume={62},
  number={8},
  pages={3861--3876},
  year={2017},
  publisher={IEEE}
}

@inproceedings{ames2019control,
  title={Control barrier functions: Theory and applications},
  author={Ames, Aaron D and Coogan, Samuel and Egerstedt, Magnus and Notomista, Gennaro and Sreenath, Koushil and Tabuada, Paulo},
  booktitle={European Control Conference},
  pages={3420--3431},
  year={2019},
  organization={IEEE}
}

%% Polynomial CBF
@article{xu2015robustness,
  title={Robustness of control barrier functions for safety critical control},
  author={Xu, Xiangru and Tabuada, Paulo and Grizzle, Jessy W and Ames, Aaron D},
  journal={IFAC-PapersOnLine},
  volume={48},
  number={27},
  pages={54--61},
  year={2015},
  publisher={Elsevier}
}

%% Exponential CBF
@inproceedings{nguyen2016exponential,
  title={Exponential control barrier functions for enforcing high relative-degree safety-critical constraints},
  author={Nguyen, Quan and Sreenath, Koushil},
  booktitle=IEEE_C_ACC,
  pages={322--328},
  year={2016},
  organization={IEEE}
}

%% High order CBF
@article{tan2021high,
  title={High-order barrier functions: Robustness, safety and performance-critical control},
  author={Tan, Xiao and Cortez, Wenceslao Shaw and Dimarogonas, Dimos V},
  journal=IEEE_J_AC,
  year={2021},
  publisher={IEEE}
}

@inproceedings{xiao2019control,
  title={Control barrier functions for systems with high relative degree},
  author={Xiao, Wei and Belta, Calin},
  booktitle=IEEE_C_CDC,
  pages={474--479},
  year={2019},
}

@inproceedings{xiao2021high,
  title={High order control lyapunov-barrier functions for temporal logic specifications},
  author={Xiao, Wei and Belta, Calin A and Cassandras, Christos G},
  booktitle={2021 American Control Conference (ACC)},
  pages={4886--4891},
  year={2021},
  organization={IEEE}
}

@inproceedings{cohen2022high,
  title={High order robust adaptive control barrier functions and exponentially stabilizing adaptive control lyapunov functions},
  author={Cohen, Max H and Belta, Calin},
  booktitle=IEEE_C_ACC,
  pages={2233--2238},
  year={2022},
  organization={IEEE}
}

%% CBF Mobile Robots Cruise control

@inproceedings{ames2014controlCDC,
  title={Control barrier function based quadratic programs with application to adaptive cruise control},
  author={Ames, Aaron D and Grizzle, Jessy W and Tabuada, Paulo},
  booktitle=IEEE_C_CDC,
  pages={6271--6278},
  year={2014},
  organization={IEEE}
}

%% General CBF Obs avoidance -- Voronoi
@article{singletary2020comparative,
  title={Comparative analysis of control barrier functions and artificial potential fields for obstacle avoidance},
  author={Singletary, Andrew and Klingebiel, Karl and Bourne, Joseph and Browning, Andrew and Tokumaru, Phil and Ames, Aaron},
  journal={arXiv preprint arXiv:2010.09819},
  year={2020}
}

%% CBF quadrotor obstacle avoidance
@inproceedings{wu2016safety,
  title={Safety-critical control of a planar quadrotor},
  author={Wu, Guofan and Sreenath, Koushil},
  booktitle=IEEE_C_ACC,
  pages={2252--2258},
  year={2016},
}

@inproceedings{wu2015safety,
  title={Safety-critical and constrained geometric control synthesis using control lyapunov and control barrier functions for systems evolving on manifolds},
  author={Wu, Guofan and Sreenath, Koushil},
  booktitle=IEEE_C_ACC,
  pages={2038--2044},
  year={2015},
  organization={IEEE}
}

%% swarm

@inproceedings{wang2017safe,
  title={Safe certificate-based maneuvers for teams of quadrotors using differential flatness},
  author={Wang, Li and Ames, Aaron D and Egerstedt, Magnus},
  booktitle={2017 IEEE International Conference on Robotics and Automation (ICRA)},
  pages={3293--3298},
  year={2017},
  organization={IEEE}
}

@article{borrmann2015control,
  title={Control barrier certificates for safe swarm behavior},
  author={Borrmann, Urs and Wang, Li and Ames, Aaron D and Egerstedt, Magnus},
  journal={IFAC-PapersOnLine},
  volume={48},
  number={27},
  pages={68--73},
  year={2015},
  publisher={Elsevier}
}

@inproceedings{wang2016safety,
  title={Safety barrier certificates for heterogeneous multi-robot systems},
  author={Wang, Li and Ames, Aaron and Egerstedt, Magnus},
  booktitle=IEEE_C_ACC,
  pages={5213--5218},
  year=2016,
}

@article{wang2017safety,
  title={Safety Barrier certificates for collisions-free multirobot systems},
  author={Wang, Li and Ames, Aaron D and Egerstedt, Magnus},
  journal=IEEE_J_RA,
  volume={33},
  number={3},
  pages={661--674},
  year={2017},
  publisher={IEEE}
}

% Barrier functions

@inproceedings{tee2009control,
  title={Control of nonlinear systems with full state constraint using a barrier Lyapunov function},
  author={Tee, Keng Peng and Ge, Shuzhi Sam},
  booktitle=IEEE_C_CDC,
  pages={8618--8623},
  year={2009},
  organization={IEEE}
}

@article{tee2009barrier,
  title={Barrier Lyapunov functions for the control of output-constrained nonlinear systems},
  author={Tee, Keng Peng and Ge, Shuzhi Sam and Tay, Eng Hock},
  journal={Automatica},
  volume={45},
  number={4},
  pages={918--927},
  year={2009},
  publisher={Elsevier}
}


@article{jankovic2018robust,
  title={Robust control barrier functions for constrained stabilization of nonlinear systems},
  author={Jankovic, Mrdjan},
  journal={Automatica},
  volume=96,
  pages={359--367},
  year=2018,
  publisher={Elsevier}
}

% Walking
@inproceedings{nguyen20163d,
  title={3-{D} dynamic walking on stepping stones with control barrier functions},
  author={Nguyen, Quan and Hereid, Ayonga and Grizzle, Jessy W and Ames, Aaron D and Sreenath, Koushil},
  booktitle=IEEE_C_CDC,
  pages={827--834},
  year={2016},
  organization={IEEE}
}

@incollection{nguyen2020dynamic,
  title={Dynamic walking on stepping stones with gait library and control barrier functions},
  author={Nguyen, Quan and Da, Xingye and Grizzle, JW and Sreenath, Koushil},
  booktitle={Algorithmic Foundations of Robotics XII},
  pages={384--399},
  year={2020},
  publisher={Springer}
}

@inproceedings{chen2020optimal,
  title={Optimal safe controller synthesis: A density function approach},
  author={Chen, Yuxiao and Ahmadi, Mohamadreza and Ames, Aaron D},
  booktitle=IEEE_C_ACC,
  pages={5407--5412},
  year=2020,
}

@inproceedings{agrawal2017discrete,
  title={Discrete Control Barrier Functions for Safety-Critical Control of Discrete Systems with Application to Bipedal Robot Navigation.},
  author={Agrawal, Ayush and Sreenath, Koushil},
  booktitle=RSS,
  year=2017
}

@inproceedings{nguyen2015optimal,
  title={Optimal Robust Control for Bipedal Robots through Control Lyapunov Function based Quadratic Programs.},
  author={Nguyen, Quan and Sreenath, Koushil},
  booktitle=RSS,
  year=2015,
}

% Undesired equilibria
@article{reis2020control,
  title={Control barrier function-based quadratic programs introduce undesirable asymptotically stable equilibria},
  author={Reis, Matheus F and Aguiar, A Pedro and Tabuada, Paulo},
  journal=IEEE_J_CSL,
  volume=5,
  number=2,
  pages={731--736},
  year=2020,
  publisher={IEEE}
}

@article{tan2021undesired,
  title={On the undesired equilibria induced by control barrier function based quadratic programs},
  author={Tan, Xiao and Dimarogonas, Dimos V},
  journal={arXiv preprint arXiv:2104.14895},
  notes={look at Theorem 3 for sequential CLF+CBF approach},
  year=2021
}

@article{mestres2022optimization,
  title={Optimization-Based Safe Stabilizing Feedback with Guaranteed Region of Attraction},
  author={Mestres, Pol and Cort{\'e}s, Jorge},
  journal={arXiv preprint arXiv:2203.12550},
  notes={includes CLF constraint as a penalty function},
  year=2022
}


% delays
@article{seiler2021control,
  title={Control barrier functions with unmodeled input dynamics using integral quadratic constraints},
  author={Seiler, Peter and Jankovic, Mrdjan and Hellstrom, Erik},
  journal=IEEE_J_CSL,
  volume={6},
  pages={1664--1669},
  year={2021},
  publisher={IEEE}
}

@inproceedings{singletary2020control,
  title={Control barrier functions for sampled-data systems with input delays},
  author={Singletary, Andrew and Chen, Yuxiao and Ames, Aaron D},
  booktitle=IEEE_C_CDC,
  pages={804--809},
  year={2020},
  organization={IEEE}
}
