@book{landau2011adaptive,
  title={Adaptive control: algorithms, analysis and applications},
  author={Landau, Ioan Dor{\'e} and Lozano, Rogelio and M'Saad, Mohammed and Karimi, Alireza},
  year={2011},
  publisher={Springer Science \& Business Media},
  annote={includes robust control via sensitivity functions. Mostly discrete time, but frequency domain.}
}

@book{nguyen2018model,
  title={Model-reference adaptive control},
  author={Nguyen, Nhan T and Nguyen, Nhan T},
  year={2018},
  publisher={Springer},
  annote={model-reference adaptive control, both direct (adjust control gains) and indirect (estimate and then adjust). Neural networks.}
}

@book{ioannou1996robust,
  title={Robust adaptive control},
  author={Ioannou, Petros A and Sun, Jing},
  volume={1},
  year={1996},
  publisher={PTR Prentice-Hall Upper Saddle River, NJ}
}


@article{barkana2014simple,
  title={Simple adaptive control--a stable direct model reference adaptive control methodology--brief survey},
  author={Barkana, Itzhak},
  journal={International Journal of Adaptive Control and Signal Processing},
  volume={28},
  number={7-8},
  pages={567--603},
  year={2014},
  publisher={Wiley Online Library},
  annote={adaptive command generator tracker: uses reference model to generate optimal input, which is then used in the control law}
}

@article{kreisselmeier1986robust,
  title={Robust model reference adaptive control},
  author={Kreisselmeier, Gerhard and Anderson, Brian},
  journal={IEEE Transactions on Automatic Control},
  volume={31},
  number={2},
  pages={127--133},
  year={1986},
  publisher={IEEE},
  annote={}
}

@book{ioannou2006adaptive,
  title={Adaptive control tutorial},
  author={Ioannou, Petros and Fidan, Bari{\c{s}}},
  year={2006},
  publisher={SIAM}
}

@article{geversaa2005identification,
  title={Identification for Control: From the Early Achievements to the Revival of Experiment Design},
  author={Gevers, Michel},
  journal=EJC,
  volume={11},
  pages={1--18},
  year={2005}
}


% Concurrent learning
@inproceedings{chowdhary2010concurrent,
  title={Concurrent learning for convergence in adaptive control without persistency of excitation},
  author={Chowdhary, Girish and Johnson, Eric},
  booktitle=IEEE_C_CDC,
  pages={3674--3679},
  year={2010},
}

@article{parikh2019integral,
  title={Integral concurrent learning: Adaptive control with parameter convergence using finite excitation},
  author={Parikh, Anup and Kamalapurkar, Rushikesh and Dixon, Warren E},
  journal={International Journal of Adaptive Control and Signal Processing},
  volume={33},
  number={12},
  pages={1775--1787},
  year={2019},
  publisher={Wiley Online Library}
}

@article{chowdhary2011theory,
  title={Theory and flight-test validation of a concurrent-learning adaptive controller},
  author={Chowdhary, Girish V and Johnson, Eric N},
  journal={Journal of Guidance, Control, and Dynamics},
  volume={34},
  number={2},
  pages={592--607},
  year={2011}
}


@inproceedings{quindlen2015output,
  title={Output feedback concurrent learning model reference adaptive control},
  author={Quindlen, John F and Chowdhary, Girish and How, Jonathan P},
  booktitle={AIAA Guidance, Navigation, and Control Conference},
  pages={0607},
  year={2015},
  annote={Uses high-gain observers to track state from output and use the estimate in concurrent learning}
}
