@book{hespanha2018linear,
  title={Linear systems theory},
  author={Hespanha, Joao P},
  year={2018},
  publisher={Princeton university press}
}

@book{kailath2000linear,
  title={Linear estimation},
  author={Kailath, Thomas and Sayed, Ali H and Hassibi, Babak},
  number={BOOK},
  year=2000,
  publisher={Prentice Hall}
}

@article{van1978computing,
  title={Computing integrals involving the matrix exponential},
  author={Van Loan, Charles},
  journal={IEEE transactions on automatic control},
  volume=23,
  number=3,
  pages={395--404},
  year=1978,
  publisher={IEEE}
}

@book{khalil:book02,
  title={Nonlinear systems},
  author={H. K. Khalil},
  volume={3},
  year={2002},
  publisher={Prentice hall {U}pper {S}addle {R}iver}
}

@article{Koditschek:book89,
  title={The application of total energy as a {L}yapunov function for mechanical control systems},
  author={Koditschek, Daniel E and others},
  journal={Dynamics and control of multibody systems},
  volume=97,
  pages={131--157},
  year=1989,
}

@inproceedings{kalman1960general,
  title={On the general theory of control systems},
  author={Kalman, Rudolf E},
  booktitle={International Conference on Automatic Control, Moscow, USSR},
  pages={481--492},
  year=1960,
  note={Defines observability and controllability for linear systems}
}


@article{Hermann:TAC77,
  title={Nonlinear controllability and observability},
  author={R. Hermann and A. J. Krener},
  journal=IEEE_J_AC,
  volume={22},
  number={5},
  pages={728--740},
  year={1977}
}

@book{Isidori:book95,
  title={Nonlinear control systems},
  author={A. Isidori},
  year={1995},
  publisher={Springer Science \& Business Media}
}


@Book{Isidori:book99,
  title={Nonlinear control systems {II}},
  author={Isidori, A},
  publisher={Springer Verlag, London},
  year =         1999
  }

@inproceedings{Kong:CDC13,
  title={Optical flow sensing and the inverse perception problem for flying bats},
  author={Z. Kong and K. Ozcimder and N. Fuller and A. Greco and D. Theriault and Z. Wu and T. Kunz and M. Betke and J. Baillieul},
  booktitle=IEEE_C_CDC,
  pages={1608--1615},
  year={2013},
  organization={IEEE}
}

% Flatness

@INPROCEEDINGS{Isidori:CDC86,
author={A. Isidori and C. H. Moog and A. D. Luca},
booktitle=IEEE_C_CDC,
title={A sufficient condition for full linearization via dynamic state feedback},
year={1986},
pages={203-208},
}

@article{Fliess:IJC95,
  title={Flatness and defect of non-linear systems: introductory theory and examples},
  author={M. Fliess and J. L{\'e}vine and P. Martin and P. Rouchon},
  journal={International Journal of Control},
  volume={61},
  number={6},
  pages={1327--1361},
  year={1995},
  publisher={Taylor \& Francis}
}

@book{Sanfelice:book12,
	title = {Hybrid Dynamical Systems: Modeling, Stability, and Robustness},
	year = 2012,
	publisher = {Princeton University Press},
	address = {New Jersey},
	keywords = {hybrid systems},
	author = {R. Goebel and R. G. Sanfelice and A. R. Teel}
}

% Neural network control

@book{omidvar1997neural,
  title={Neural systems for control},
  author={Omidvar, Omid and Elliott, David L},
  year={1997},
  publisher={Elsevier}
}

@article{hagan2002introduction,
  title={An introduction to the use of neural networks in control systems},
  author={Hagan, Martin T and Demuth, Howard B and Jes{\'u}s, Orlando De},
  journal=WILEY_J_RNC,
  volume={12},
  number={11},
  pages={959--985},
  year={2002},
  publisher={Wiley Online Library}
}

@book{goebel2012hybrid,
  title={Hybrid Dynamical Systems: modeling, stability, and robustness},
  author={Goebel, Rafal and Sanfelice, Ricardo G and Teel, Andrew R},
  year={2012},
  publisher={Princeton University Press}
}

@article{Deng:SCL00,
  title={Output-feedback stabilization of stochastic nonlinear systems driven by noise of unknown covariance},
  author={Deng, Hua and Krsti{\'c}, Miroslav},
  journal=SCL,
  volume={39},
  number={3},
  pages={173--182},
  year={2000},
  publisher={Elsevier}
}

@inproceedings{Buehler:ACC16,
  title={Lyapunov-based stochastic nonlinear model predictive control: Shaping the state probability distribution functions},
  author={Buehler, Edward A and Paulson, Joel A and Mesbah, Ali},
  booktitle=IEEE_C_ACC,
  pages={5389--5394},
  year={2016},
}


@book{borrelli2017predictive,
  title={Predictive control for linear and hybrid systems},
  author={Borrelli, Francesco and Bemporad, Alberto and Morari, Manfred},
  year={2017},
  publisher={Cambridge University Press}
}

% LQR
@book{mehrmann1991autonomous,
  title={The autonomous linear quadratic control problem: theory and numerical solution},
  author={Mehrmann, Volker Ludwig},
  year={1991},
  publisher={Springer}
}

@article{verriest1991linear,
  title={On the linear quadratic minimum-time problem},
  author={Verriest, EI and Lewis, FL},
  journal=IEEE_J_AC,
  volume={36},
  number={7},
  pages={859--863},
  year={1991},
  publisher={IEEE}
}

% Optimal
@book{bryson1969applied,
  title={Applied Optimal Control},
  author={Bryson, AE and Ho, YC},
  publisher={Blaisdell Publishing Company},
  year={1969}
}

% stability

@article{asner1970total,
  title={On the total nonnegativity of the Hurwitz matrix},
  author={Asner, Jr, Bernard A},
  journal={SIAM Journal on Applied Mathematics},
  volume=18,
  number=2,
  pages={407--414},
  year=1970,
  publisher={SIAM}
}

@book{gantmacher2005applications,
  title={Applications of the Theory of Matrices},
  author={Gantmacher, Feliks Rouminovich and Brenner, Joel Lee},
  year={2005},
  publisher={Courier Corporation},
  annote={Reference for the Routh-Horwitz criterion}
}

@article{halikias2012strong,
  title={Strong stability of discrete-time systems},
  author={Halikias, G and Dritsas, L and Pantelous, A and Tsoulkas, V},
  journal={Linear algebra and its applications},
  volume={436},
  number={7},
  pages={1890--1908},
  year={2012},
  publisher={Elsevier},
  annote={Monotonic norm decrease.}
}

@article{gillis2019approximating,
  title={Approximating the nearest stable discrete-time system},
  author={Gillis, Nicolas and Karow, Michael and Sharma, Punit},
  journal={Linear Algebra and its Applications},
  volume={573},
  pages={37--53},
  year={2019},
  publisher={Elsevier},
  annote={Proposes a sufficient parametrization based on polar decomposition. Based on gradient descent and projections to the feasible set. Projection in the Frobeinous norm sense by projecting the eigenvalues.}
}

@article{gillis2020note,
  title={A note on approximating the nearest stable discrete-time descriptor systems with fixed rank},
  author={Gillis, Nicolas and Karow, Michael and Sharma, Punit},
  journal={Applied Numerical Mathematics},
  volume={148},
  pages={131--139},
  year={2020},
  publisher={Elsevier},
  annote={extension of gillis2019approximating to low-rank matrices}
}


@article{mamakoukas2020memory,
  title={Memory-efficient learning of stable linear dynamical systems for prediction and control},
  author={Mamakoukas, Giorgos and Xherija, Orest and Murphey, Todd},
  journal=NIPS,
  volume={33},
  pages={13527--13538},
  year={2020},
  annote={Uses projection of gillis2019approximating and gradient descent to identify stable matrix. Applications to DynTex and Koopman}
}


@article{boots2007constraint,
  title={A constraint generation approach to learning stable linear dynamical systems},
  author={Boots, Byron and Gordon, Geoffrey J and Siddiqi, Sajid},
  journal=NIPS,
  volume={20},
  year={2007},
  annote={CG formulates the optimization as a quadratic program without constraints, which is an approximation to the original problem. It then iterates on the solution to the approximate optimization by adding constraints and terminates when a stable solution is reached.}
}

@inproceedings{huang2016learning,
  title={Learning Stable Linear Dynamical Systems with the Weighted Least Square Method.},
  author={Huang, Wen-bing and Le-le Cao and Sun, Fuchun and Zhao, Deli and Liu, Huaping and Yu, Shanshan},
  booktitle={International Joint Conference on Artificial Intelligence},
  volume={1599},
  pages={1605},
  year={2016},
  annote={WLS determines the components of the LS transition matrix that cause instability and uses a weight matrix to enforce stability, while minimizing the reconstruction error.}
}

% See also mamakoukas2023learning in koopman.bib

@article{duan1998note,
  title={A note on Hurwitz stability of matrices},
  author={Duan, Guang-Ren and Patton, Ron J},
  journal={Automatica},
  volume={34},
  number={4},
  pages={509--511},
  year={1998},
  publisher={Elsevier},
  annote={every Hurwitz-stable matrix can be expressed as the product of a symmetric positive-definite matrix and a generalised negative-definite matrix}
}
