
@inproceedings{petersen1984control,
  title={Control effort considerations in the stabilization of uncertain dynamical systems},
  author={Petersen, Ian R and Barmish, B Ross},
  booktitle=ACC,
  pages={490--495},
  year={1984},
  organization={IEEE}
}

@article{ames2014rapidly,
  title={Rapidly exponentially stabilizing {C}ontrol {L}yapunov {F}unctions and hybrid zero dynamics},
  author={Ames, Aaron D and Galloway, Kevin and Sreenath, Koushil and Grizzle, Jessy W},
  journal=IEEE_J_AC,
  volume={59},
  number={4},
  pages={876--891},
  year={2014},
  publisher={IEEE}
}

@article{sontag1989universal,
  title={A 'universalâ€™ construction of {A}rtstein's theorem on nonlinear stabilization},
  author={Sontag, Eduardo D},
  journal={Systems \& control letters},
  volume={13},
  number={2},
  pages={117--123},
  year={1989},
  publisher={Elsevier}
}

@article{artstein1983stabilization,
  title={Stabilization with relaxed controls},
  author={Artstein, Zvi},
  journal={Nonlinear Analysis: Theory, Methods \& Applications},
  volume={7},
  number={11},
  pages={1163--1173},
  year={1983},
  publisher={Elsevier}
}

@article{freeman1996inverse,
  title={Inverse optimality in robust stabilization},
  author={Freeman, Randy A and Kokotovic, PV},
  journal={SIAM journal on control and optimization},
  volume=34,
  number=4,
  pages={1365--1391},
  year=1996,
  publisher={SIAM}
}

@book{sepulchre2012constructive,
  title={Constructive nonlinear control},
  author={Sepulchre, Rodolphe and Jankovic, Mrdjan and Kokotovic, Petar V},
  year={2012},
  publisher={Springer Science \& Business Media}
}

@article{curtis2004satisficing,
  title={Satisficing: A new approach to constructive nonlinear control},
  author={Curtis, J Willard and Beard, Randal W},
  journal={IEEE Transactions on Automatic Control},
  volume={49},
  number={7},
  pages={1090--1102},
  year={2004},
  publisher={IEEE}
}

@article{galloway2015torque,
  title={Torque saturation in bipedal robotic walking through control Lyapunov function-based quadratic programs},
  author={Galloway, Kevin and Sreenath, Koushil and Ames, Aaron D and Grizzle, Jessy W},
  journal={IEEE Access},
  volume={3},
  pages={323--332},
  year={2015},
  publisher={IEEE}
}

% Adaptive CLF
@article{krstic1995control,
  title={Control Lyapunov functions for adaptive nonlinear stabilization},
  author={Krsti{\'c}, Miroslav and Kokotovi{\'c}, Peter V},
  journal={Systems \& Control Letters},
  volume={26},
  number={1},
  pages={17--23},
  year={1995},
  publisher={Elsevier}
}

% Higher-order/Non-monotonic
@book{michel2015stability,
  title={Stability of dynamical systems: On the role of monotonic and non-monotonic Lyapunov functions},
  author={Michel, Anthony N and Hou, Ling and Liu, Derong},
  year={2015},
  publisher={Springer}
}



@inproceedings{ahmadi2011higher,
  title={On higher order derivatives of Lyapunov functions},
  author={Ahmadi, Amir Ali and Parrilo, Pablo A},
  booktitle={Proceedings of the 2011 American Control Conference},
  pages={1313--1314},
  year={2011},
  organization={IEEE}
}
