% Robot-assisted evacuation
@inproceedings{robinette2012information,
  title={Information propagation applied to robot-assisted evacuation},
  author={Robinette, Paul and Vela, Patricio A and Howard, Ayanna M},
  booktitle=IEEE_C_ICRA,
  pages={856--861},
  year={2012},
}

@inproceedings{robinette2016overtrust,
  title={Overtrust of robots in emergency evacuation scenarios},
  author={Robinette, Paul and Li, Wenchen and Allen, Robert and Howard, Ayanna M and Wagner, Alan R},
  booktitle={ACM/IEEE International Conference on Human-Robot Interaction)},
  pages={101--108},
  year={2016},
}

@inproceedings{robinette2014assessment,
  title={Assessment of robot guidance modalities conveying instructions to humans in emergency situations},
  author={Robinette, Paul and Wagner, Alan R and Howard, Ayanna M},
  booktitle={IEEE International Symposium on Robot and Human Interactive Communication},
  pages={1043--1049},
  year={2014},
}

@article{shell2005insights,
  title={Insights toward robot-assisted evacuation},
  author={Shell, Dylan A and Matari{\'c}, Maja J},
  journal={Advanced Robotics},
  volume={19},
  number={8},
  pages={797--818},
  year={2005},
  publisher={Taylor \& Francis}
}

% Crowd models
@inproceedings{sohn2020laying,
  title={Laying the foundations of deep long-term crowd flow prediction},
  author={Sohn, Samuel S and Zhou, Honglu and Moon, Seonghyeon and Yoon, Sejong and Pavlovic, Vladimir and Kapadia, Mubbasir},
  booktitle=ECCV,
  pages={711--728},
  year={2020},
  organization={Springer},
  annote={Idea similar to CFD model surrogate}
}

@inproceedings{liu2017characterizing,
title = {Characterizing the Relationship between Environment Layout and Crowd Movement using Machine Learning},
author = {Weining Liu and Kaidong Hu and Sejong Yoon and Vladimir Pavlovic and Petros Faloutsos and Mubbasir Kapadia},
year = {2017},
date = {2017-01-01},
booktitle = {ACM SIGGRAPH Motion in Games},
keywords = {},
}