@inproceedings{Olson:RSS05,
  title={{S}ingle-Cluster Spectral Graph Partitioning for Robotics Applications.},
  author={E. Olson and M. Walter and S. J. Teller and J. J. Leonard},
  booktitle=RSS,
  pages={265--272},
  year={2005}
}

@article{Montijano:TRO13,
  title={Distributed data association in robotic networks with cameras and limited communications},
  author={E. Montijano and R. Aragues and C. Sagues},
  journal=IEEE_J_RA,
  volume={29},
  number={6},
  pages={1408--1423},
  year={2013},
  publisher={IEEE}
}

@article{Neira:TRO01,
  title={Data association in stochastic mapping using the joint compatibility test},
  author={J. Neira and J. D. Tard{\'o}s},
  journal=IEEE_J_RA,
  volume={17},
  number={6},
  pages={890--897},
  year={2001},
  publisher={IEEE}
}

@inproceedings{lusk2021clipper,
  title={{CLIPPER}: A graph-theoretic framework for robust data association},
  author={Lusk, Parker C and Fathian, Kaveh and How, Jonathan P},
  booktitle=IEEE_C_ICRA,
  pages={13828--13834},
  year={2021},
  organization={IEEE},
  annote={Find densest clique subgraph among associations as max eval problem, sequentially modifying association costs.}
}

@inproceedings{nguyen2020vision,
  title={Vision-based multi-MAV localization with anonymous relative measurements using coupled probabilistic data association filter},
  author={Nguyen, Ty and Mohta, Kartik and Taylor, Camillo J and Kumar, Vijay},
  booktitle={2020 IEEE International Conference on Robotics and Automation (ICRA)},
  pages={3349--3355},
  year={2020},
  organization={IEEE}
}
