@article{archer1993application,
  title={Application of the back propagation neural network algorithm with monotonicity constraints for two-group classification problems},
  author={Archer, Norman P and Wang, Shouhong},
  journal={Decision Sciences},
  volume={24},
  number={1},
  pages={60--75},
  year={1993},
  publisher={Wiley Online Library}
}


@article{milani2016fast,
  title={Fast and flexible monotonic functions with ensembles of lattices},
  author={Milani Fard, Mahdi and Canini, Kevin and Cotter, Andrew and Pfeifer, Jan and Gupta, Maya},
  journal=NIPS,
  volume={29},
  year={2016},
  notes={Lattices=linearly interpolated look-up tables, represented as cubes (on d features) with linear inequalities on the corners to ensure monotonicity.}
}

@article{you2017deep,
  title={Deep lattice networks and partial monotonic functions},
  author={You, Seungil and Ding, David and Canini, Kevin and Pfeifer, Jan and Gupta, Maya},
  journal=NIPS,
  volume={30},
  year={2017}
}

@article{liu2020certified,
  title={Certified monotonic neural networks},
  author={Liu, Xingchao and Han, Xing and Zhang, Na and Liu, Qiang},
  journal=NIPS,
  volume={33},
  pages={15427--15438},
  year={2020}
}
