@article{bronstein2017geometric,
  title={Geometric deep learning: going beyond {E}uclidean data},
  author={Bronstein, Michael M and Bruna, Joan and LeCun, Yann and Szlam, Arthur and Vandergheynst, Pierre},
  journal=IEEE_M_SP,
  volume={34},
  number={4},
  pages={18--42},
  year={2017},
  publisher={IEEE}
}

@article{phillips2019all,
  title={All graphs lead to {R}ome: Learning geometric and cycle-consistent representations with graph convolutional networks},
  author={Phillips, Stephen and Daniilidis, Kostas},
  journal={arXiv preprint arXiv:1901.02078},
  year={2019}
}

@article{kipf2016semi,
  title={Semi-supervised classification with graph convolutional networks},
  author={Kipf, Thomas N and Welling, Max},
  journal={arXiv preprint arXiv:1609.02907},
  year={2016}
}

@inproceedings{gama2018mimo,
  title={{MIMO} graph filters for convolutional neural networks},
  author={Gama, Fernando and Marques, Antonio G and Ribeiro, Alejandro and Leus, Geert},
  booktitle={International Workshop on Signal Processing Advances in Wireless Communications},
  pages={1--5},
  year={2018},
  organization={IEEE}
}

@inproceedings{gama2018convolutional,
  title={Convolutional neural networks via node-varying graph filters},
  author={Gama, Fernando and Leus, Geert and Marques, Antonio G and Ribeiro, Alejandro},
  booktitle={IEEE Data Science Workshop},
  pages={1--5},
  year={2018},
  organization={IEEE}
}

@article{battaglia2018relational,
  title={Relational inductive biases, deep learning, and graph networks},
  author={Battaglia, Peter W and Hamrick, Jessica B and Bapst, Victor and Sanchez-Gonzalez, Alvaro and Zambaldi, Vinicius and Malinowski, Mateusz and Tacchetti, Andrea and Raposo, David and Santoro, Adam and Faulkner, Ryan and others},
  journal={arXiv preprint arXiv:1806.01261},
  year={2018}
}

@article{wu2020comprehensive,
  title={A comprehensive survey on graph neural networks},
  author={Wu, Zonghan and Pan, Shirui and Chen, Fengwen and Long, Guodong and Zhang, Chengqi and Philip, S Yu},
  journal={IEEE Transactions on Neural Networks and Learning Systems},
  year={2020},
  publisher={IEEE}
}


%% Skeleton-based action recognition GNN
@inproceedings{shi2019skeleton,
  title={Skeleton-based action recognition with directed graph neural networks},
  author={Shi, Lei and Zhang, Yifan and Cheng, Jian and Lu, Hanqing},
  booktitle={Proceedings of the IEEE/CVF Conference on Computer Vision and Pattern Recognition},
  pages={7912--7921},
  year={2019}
}

%% Reccurrent GNN group activity recognition
@inproceedings{deng2016structure,
  title={Structure inference machines: Recurrent neural networks for analyzing relations in group activity recognition},
  author={Deng, Zhiwei and Vahdat, Arash and Hu, Hexiang and Mori, Greg},
  booktitle={Proceedings of the IEEE Conference on Computer Vision and Pattern Recognition},
  pages={4772--4781},
  year={2016}
}

%% Person identification GNN
@inproceedings{shen2018person,
  title={Person re-identification with deep similarity-guided graph neural network},
  author={Shen, Yantao and Li, Hongsheng and Yi, Shuai and Chen, Dapeng and Wang, Xiaogang},
  booktitle={Proceedings of the European conference on computer vision (ECCV)},
  pages={486--504},
  year={2018}
}

%% Human-Object interaction GNN
@inproceedings{qi2018learning,
  title={Learning human-object interactions by graph parsing neural networks},
  author={Qi, Siyuan and Wang, Wenguan and Jia, Baoxiong and Shen, Jianbing and Zhu, Song-Chun},
  booktitle={Proceedings of the European Conference on Computer Vision (ECCV)},
  pages={401--417},
  year={2018}
}

%% GNN for skeleton-based activity recognition
@article{zhang2019graph,
  title={Graph edge convolutional neural networks for skeleton-based action recognition},
  author={Zhang, Xikun and Xu, Chang and Tian, Xinmei and Tao, Dacheng},
  journal={IEEE transactions on neural networks and learning systems},
  volume={31},
  number={8},
  pages={3047--3060},
  year={2019},
  publisher={IEEE}
}

@inproceedings{yan2018spatial,
  title={Spatial temporal graph convolutional networks for skeleton-based action recognition},
  author={Yan, Sijie and Xiong, Yuanjun and Lin, Dahua},
  booktitle={Proceedings of the AAAI conference on artificial intelligence},
  volume={32},
  number={1},
  year={2018}
}


@article{denton2014exploiting,
  title={Exploiting linear structure within convolutional networks for efficient evaluation},
  author={Denton, Emily and Zaremba, Wojciech and Bruna, Joan and LeCun, Yann and Fergus, Rob},
  journal={arXiv preprint arXiv:1404.0736},
  year={2014}
}

%% Classification with GNN
@article{kipf2016semi,
  title={Semi-supervised classification with graph convolutional networks},
  author={Kipf, Thomas N and Welling, Max},
  journal={arXiv preprint arXiv:1609.02907},
  year={2016}
}


@article{defferrard2016convolutional,
  title={Convolutional neural networks on graphs with fast localized spectral filtering},
  author={Defferrard, Micha{\"e}l and Bresson, Xavier and Vandergheynst, Pierre},
  journal={arXiv preprint arXiv:1606.09375},
  year={2016}
}
