@article{vaswani2017attention,
  title={Attention is all you need},
  author={Vaswani, Ashish and Shazeer, Noam and Parmar, Niki and Uszkoreit, Jakob and Jones, Llion and Gomez, Aidan N and Kaiser, {\L}ukasz and Polosukhin, Illia},
  journal=NIPS,
  volume={30},
  year={2017},
  annote={Original attention paper}
}

@inproceedings{dosovitskiy2020image,
  title={An Image is Worth 16x16 Words: Transformers for Image Recognition at Scale},
  author={Dosovitskiy, Alexey and Beyer, Lucas and Kolesnikov, Alexander and Weissenborn, Dirk and Zhai, Xiaohua and Unterthiner, Thomas and Dehghani, Mostafa and Minderer, Matthias and Heigold, Georg and Gelly, Sylvain and others},
  booktitle={International Conference on Learning Representations},
  year={2020},
  annote={Original ViT paper}
}

@inproceedings{chen2021pre,
  title={Pre-trained image processing transformer},
  author={Chen, Hanting and Wang, Yunhe and Guo, Tianyu and Xu, Chang and Deng, Yiping and Liu, Zhenhua and Ma, Siwei and Xu, Chunjing and Xu, Chao and Gao, Wen},
  booktitle=IEEE_C_CVPR,
  pages={12299--12310},
  year={2021},
  annote={Transformers for low level denoising/superresolution/deraining}
}

@article{liu2023survey,
  title={A survey of visual trasnsformers},
  author={Liu, Yang and Zhang, Yao and Wang, Yixin and Hou, Feng and Yuan, Jin and Tian, Jiang and Zhang, Yang and Shi, Zhongchao and Fan, Jianping and He, Zhiqiang},
  journal=IEEE_J_NNLS,
  year={2023},
  publisher={IEEE}
}

@article{han2021transformer,
  title={Transformer in {T}ransformer},
  author={Han, Kai and Xiao, An and Wu, Enhua and Guo, Jianyuan and Xu, Chunjing and Wang, Yunhe},
  journal=NIPS,
  volume={34},
  pages={15908--15919},
  year={2021}
}

@inproceedings{wu2021cvt,
  title={Cv{T}: Introducing convolutions to vision transformers},
  author={Wu, Haiping and Xiao, Bin and Codella, Noel and Liu, Mengchen and Dai, Xiyang and Yuan, Lu and Zhang, Lei},
  booktitle=IEEE_C_CVPR,
  pages={22--31},
  year={2021},
  annote={Multiple layers where features are extracted convolutionally}
}

@article{yuan2022volo,
  title={Volo: Vision outlooker for visual recognition},
  author={Yuan, Li and Hou, Qibin and Jiang, Zihang and Feng, Jiashi and Yan, Shuicheng},
  journal=IEEE_J_PAMI,
  volume={45},
  number={5},
  pages={6575--6586},
  year={2022},
  publisher={IEEE}
}
