@article{hochreiter1997long,
  title={Long short-term memory},
  author={Hochreiter, Sepp and Schmidhuber, J{\"u}rgen},
  journal={Neural computation},
  volume=9,
  number=8,
  pages={1735--1780},
  year=1997,
  publisher={MIT Press},
  annote={Original LSTM paper}
}

@article{greff2016lstm,
  title={{LSTM}: A search space odyssey},
  author={Greff, Klaus and Srivastava, Rupesh K and Koutn{\'\i}k, Jan and Steunebrink, Bas R and Schmidhuber, J{\"u}rgen},
  journal=IEEE_J_NNLS,
  volume=28,
  number=10,
  pages={2222--2232},
  year=2016,
  publisher={IEEE}
}

@article{graves2005framewise,
  title={Framewise phoneme classification with bidirectional {LSTM} and other neural network architectures},
  author={Graves, Alex and Schmidhuber, J{\"u}rgen},
  journal={Neural networks},
  volume={18},
  number={5-6},
  pages={602--610},
  year={2005},
  publisher={Elsevier},
  annote={LSTM with forget gate}
}

@article{cho2014learning,
  title={Learning phrase representations using RNN encoder-decoder for statistical machine translation},
  author={Cho, Kyunghyun and Van Merri{\"e}nboer, Bart and Gulcehre, Caglar and Bahdanau, Dzmitry and Bougares, Fethi and Schwenk, Holger and Bengio, Yoshua},
  journal={arXiv preprint arXiv:1406.1078},
  year={2014},
  annote={Gated Recurrent Units (GRUs)}
}

@inproceedings{dey2017gate,
  title={Gate-variants of gated recurrent unit ({GRU}) neural networks},
  author={Dey, Rahul and Salem, Fathi M},
  booktitle={IEEE International Midwest Symposium On Circuits And Systems},
  pages={1597--1600},
  year={2017},
  annote={GRU simplified variants}
}
