@incollection{correll2006system,
  title={System identification of self-organizing robotic swarms},
  author={Correll, Nikolaus and Martinoli, Alcherio},
  booktitle={Distributed Autonomous Robotic Systems 7},
  pages={31--40},
  year={2006},
  publisher={Springer}
}


@article{schwager08data,
  author =       {Mac Schwager and Carrick Detweiler and Iuliu Vasilescu and
                  Dean M. Anderson and Daniela Rus},
  title =        {Data-Driven Identification of Group Dynamics for Motion Prediction and Control},
  journal =      {Journal of Field Robotics},
  volume =       25,
  number =       {6-7},
  pages =        {305-324},
  year =         2008,
  doi =          {10.1002/rob.20243},
  url =          {https://doi.org/10.1002/rob.20243},
}

