@inproceedings{Zargham:ACC11,
  title={Accelerated dual descent for network optimization},
  author={M. Zargham and A. Ribeiro and A. Ozdaglar and A. Jadbabaie},
  booktitle=IEEE_C_ACC,
  pages={2663--2668},
  year={2011},
}

@article{chatzipanagiotis2017convergence,
  title={On the Convergence of a Distributed Augmented {L}agrangian Method for Nonconvex Optimization},
  author={Chatzipanagiotis, Nikolaos and Zavlanos, Michael M},
  journal=IEEE_J_AC,
  volume={62},
  number={9},
  pages={4405--4420},
  year={2017},
  publisher={IEEE}
}

@article{qu2019accelerated,
  title={Accelerated distributed Nesterov gradient descent},
  author={Qu, Guannan and Li, Na},
  journal=IEEE_J_AC,
  year={2019},
  publisher={IEEE}
}

@inproceedings{fazlyab2018design,
  title={Design of first-order optimization algorithms via sum-of-squares programming},
  author={Fazlyab, Mahyar and Morari, Manfred and Preciado, Victor M},
  booktitle={2018 IEEE Conference on Decision and Control (CDC)},
  pages={4445--4452},
  year={2018},
  organization={IEEE}
}

@article{bin2019system,
  title={A System Theoretical Perspective to Gradient-Tracking Algorithms for Distributed Quadratic Optimization},
  author={Bin, Michelangelo and Notarnicola, Ivano and Marconi, Lorenzo and Notarstefano, Giuseppe},
  journal={arXiv preprint arXiv:1911.06665},
  year={2019}
}

% distributed LP
@article{carlone2014distributed,
  title={Distributed random convex programming via constraints consensus},
  author={Carlone, Luca and Srivastava, Vaibhav and Bullo, Francesco and Calafiore, Giuseppe Carlo},
  journal=SIAM_J_CO,
  volume=52,
  number=1,
  pages={629--662},
  year=2014,
  publisher={SIAM}
}

@article{notarstefano2011distributed,
  title={Distributed abstract optimization via constraints consensus: Theory and applications},
  author={Notarstefano, Giuseppe and Bullo, Francesco},
  journal=IEEE_J_AC,
  volume={56},
  number={10},
  pages={2247--2261},
  year={2011},
  publisher={IEEE}
}

@inproceedings{notarstefano2007network,
  title={Network abstract linear programming with application to minimum-time formation control},
  author={Notarstefano, Giuseppe and Bullo, Francesco},
  booktitle=IEEE_C_CDC,
  pages={927--932},
  year={2007},
  organization={IEEE}
}
