@article{wang2017distributed,
  title={A distributed observer for a time-invariant linear system},
  author={Wang, Lili and Morse, A Stephen},
  journal=IEEE_J_AC,
  volume={63},
  number={7},
  pages={2123--2130},
  year={2017},
  publisher={IEEE}
}

@article{park2016design,
  title={Design of distributed LTI observers for state omniscience},
  author={Park, Shinkyu and Martins, Nuno C},
  journal=IEEE_J_AC,
  volume={62},
  number={2},
  pages={561--576},
  year={2016},
  publisher={IEEE}
}
