@inproceedings{lbw2021,
  title={Learning by Watching},
  author={Zhang, Jimuyang and Ohn-Bar, Eshed},
  booktitle={CVPR},
  year={2021}
}
@INPROCEEDINGS{Behl2020IROS,
  author = {Aseem Behl and Kashyap Chitta and Aditya Prakash and Eshed Ohn-Bar and Andreas Geiger},
  title = {Label Efficient Visual Abstractions for Autonomous Driving},
  booktitle = {International Conference on Intelligent Robots and Systems (IROS)},
  year = {2020}
}

@INPROCEEDINGS{Prakash2020CVPR,
  author = {Aditya Prakash and Aseem Behl and Eshed Ohn-Bar and Kashyap Chitta and Andreas Geiger},
  title = {Exploring Data Aggregation in Policy Learning for Vision-based Urban Autonomous Driving},
  booktitle = {Conference on Computer Vision and Pattern Recognition (CVPR)},
  year = {2020}
}

@inproceedings{ohn2020learning,
  title={Learning Situational Driving},
  author={Ohn-Bar, Eshed and Prakash, Aditya and Behl, Aseem and Chitta, Kashyap and Geiger, Andreas},
  booktitle=IEEE_C_CVPR,
  year=2020
}

@inproceedings{aexp4,
title={A-EXP4: Online Social Policy Learning for Adaptive Robot-Pedestrian Interaction},
author={P. Jin and E. Ohn-Bar and K. Kitani and C. Asakawa},
booktitle=IEEE_C_IROS,
year=2019
}

@inproceedings{collision2019,
title={Forecasting Time-To-Collision from Monocular Video: Feasibility, Dataset, and Challenges},
author={A. Manglik and X. Weng and E. Ohn-Bar and K. Kitani},
booktitle={IROS},
year={2019}
}

@article{hiirl,
    Author = {X. Pan and E. Ohn-Bar and N. Rhinehart and Y. Xu and Y. Shen and K. M. Kitani},
    Title = {Human-Interactive Subgoal Supervision for Efficient Inverse Reinforcement Learning},
    Journal = {International Conference on Autonomous Agents and Multiagent Systems},
    Year = {2018}
}


@article{ping,
    Author = {E. Ohn-Bar and Kris Kitani and Chieko Asakawa},
    Title = {Personalized Dynamics Models for Adaptive Assistive Navigation Systems},
    Journal = {Conference on Robot Learning},
    Year = {2018}
}



@article{humansTIV,
    Author = {Eshed Ohn-Bar and Mohan M. Trivedi},
    Title = {Looking at Humans in the Age of Self-Driving and Highly Automated Vehicles},
    Journal = {IEEE Transactions on Intelligent Vehicles},
    Year = {2016}
}

@inproceedings{OhnBar2015,
title={On surveillance for safety critical events: In-vehicle video networks for predictive driver assistance systems},
author={Eshed Ohn-Bar and Ashish Tawari and Sujitha Martin and Mohan M. Trivedi},
booktitle={Computer Vision and Image Understanding},
year={2015},
volume={134},
pages={130-140},
}

@inproceedings{ohnbar_headhand14,
title={Head, Eye, and Hand Patterns for Driver Activity Recognition},
author={E. Ohn-Bar and S. Martin and A. Tawari and M. M. Trivedi},
booktitle={IEEE Intl. Conf. Pattern Recognition},
year={2014}
}

@inproceedings{smartpartnet,
title={SmartPartNet: Part-Informed Person Detection for Body-Worn Smartphones},
author={H. Yu and E. Ohn-Bar and D. Yoo and K. Kitani},
booktitle={Winter Conference on Applications of Computer Vision},
year={2018}
}

@inproceedings{ohnbar_imp16,
title={What Makes an On-road Object Important?},
author={E. Ohn-Bar and M. M. Trivedi},
booktitle={IEEE Intl. Conf. Pattern Recognition [best student paper finalist]},
year={2016}
}

@misc{DoTOhnBar,
	Title = {{U.S. Department of Transportation Announces Over \$41 Million in Awards for Innovative Technologies to Improve Transportation Mobility and Access for Persons with Disabilities}},
	year={2021},
	howpublished    = "{\url{https://www.transportation.gov/briefing-room/us-department-transportation-announces-over-41-million-awards-innovative-technologies}}"
}

@inproceedings{ijhc20,
title={Virtual Navigation for Blind People: Transferring Route Knowledge to the Real-World
},
author={J. Guerreiro and D. Sato and D. Ahmetovic and E. Ohn-Bar and K. Kitani and and C. Asakawa},
booktitle={International Journal of Human-Computer Studies},
year={2020},
}

@inproceedings{expertise_w4a2019,
title={Impact of Expertise on Interaction Preferences for Navigation Assistance of Visually Impaired Individuals},
author={D. Ahmetovic and J. Guerreiro and E. Ohn-Bar and K. Kitani and C. Asakawa},
booktitle={Web for All Conference [best paper award]},
year={2019}
}

@inproceedings{ohnbar_ubi18,
title={Variability in Reactions to Instructional Guidance during Smartphone-Based Assisted Navigation of Blind Users},
author={E. Ohn-Bar and J. Guerreiro and K. Kitani and C. Asakawa},
booktitle={International Joint Conference on Pervasive and Ubiquitous Computing},
year={2018}
}

@inproceedings{expertise18,
title={Modeling Expertise in Assistive Navigation Interfaces for Blind People},
author={E. Ohn-Bar and J. Guerreiro and D. Ahmetovic and K. Kitani and C. Asakawa},
booktitle={Intelligent User Interfaces},
year={2018}
}

@inproceedings{envfactors,
title={Environmental Factors in Indoor Navigation Based on Real-World Trajectories of Blind Users},
author={H. Kacorri and E. Ohn-Bar and K. Kitani and C. Asakawa},
booktitle={Human Factors in Computing Systems},
year={2018}
}

@inproceedings{hessel2018rainbow,
  title={Rainbow: Combining improvements in deep reinforcement learning},
  author={Hessel, Matteo and Modayil, Joseph and Van Hasselt, Hado and Schaul, Tom and Ostrovski, Georg and Dabney, Will and Horgan, Dan and Piot, Bilal and Azar, Mohammad and Silver, David},
  booktitle={ AAAI Conference on Artificial Intelligence},
  volume={32},
  number={1},
  year={2018}
}


@article{ohnbar_imp_PR,
    Author = {Eshed Ohn-Bar and Mohan M. Trivedi},
    Title = {Are All Objects Equal? Deep Spatio-Temporal Importance Prediction in Driving Videos},
    Journal = {Pattern Recognition},
    Year = {2017}
}


%%%%%%%%%%% OTHER


@article{reddy2019sqil,
  title={{SQIL}: Imitation learning via reinforcement learning with sparse rewards},
  author={Reddy, Siddharth and Dragan, Anca D and Levine, Sergey},
  journal={International Conference on Learning Representations},
  year={2020}
}

@article{jacobs1991adaptive,
  title={Adaptive mixtures of local experts},
  author={Jacobs, Robert A and Jordan, Michael I and Nowlan, Steven J and Hinton, Geoffrey E},
  journal={Neural computation},
  volume={3},
  number={1},
  pages={79--87},
  year={1991},
  publisher={MIT Press}
}




@book{newell1972human,
  title={Human problem solving},
  author={Newell, Allen and Simon, Herbert Alexander},
  volume={104},
  number={9},
  year={1972},
  publisher={Prentice-hall}
}

@inproceedings{zhu2017visual,
  title={Visual semantic planning using deep successor representations},
  author={Zhu, Yuke and Gordon, Daniel and Kolve, Eric and Fox, Dieter and Fei-Fei, Li and Gupta, Abhinav and Mottaghi, Roozbeh and Farhadi, Ali},
  booktitle=IEEE_C_ICCV,
  pages={483--492},
  year={2017}
}

@inproceedings{araujo1996learning,
  title={Learning control composition in a complex environment},
  author={Araujo, Elizeth G and Grupen, Roderic A},
  booktitle={International Conference on Simulation of Adaptive Behavior},
  pages={333--342},
  year={1996},
  organization={Citeseer}
}

@inproceedings{maes1990learning,
  title={Learning to Coordinate Behaviors.},
  author={Maes, Pattie and Brooks, Rodney A},
  booktitle={AAAI Conference on Artificial Intelligence},
  volume={90},
  pages={796--802},
  year={1990}
}

@article{sacerdoti1974planning,
  title={Planning in a hierarchy of abstraction spaces},
  author={Sacerdoti, Earl D},
  journal={Artificial intelligence},
  volume={5},
  number={2},
  pages={115--135},
  year={1974},
  publisher={Elsevier}
}

@inproceedings{boutilier1997prioritized,
  title={Prioritized Goal Decomposition of Markov Decision Processes: Toward a Synthesis of Classical and Decision Theoretic Planning.},
  author={Boutilier, Craig and Brafman, Ronen I and Geib, Christopher},
  booktitle={International Joint Conferences on Artificial Intelligence},
  pages={1156--1162},
  year={1997}
}
@article{mataric1997behaviour,
  title={Behaviour-based control: Examples from navigation, learning, and group behaviour},
  author={Mataric, Maja J},
  journal={Journal of Experimental \& Theoretical Artificial Intelligence},
  volume={9},
  number={2-3},
  pages={323--336},
  year={1997},
  publisher={Taylor \& Francis}
}
@book{parr1998hierarchical,
  title={Hierarchical control and learning for Markov decision processes},
  author={Parr, Ronald Edward},
  year={1998},
  publisher={University of California, Berkeley Berkeley, CA}
}

@inproceedings{geffner1998high,
  title={High-level planning and control with incomplete information using POMDPs},
  author={Geffner, Hector and Bonet, Blai},
  booktitle={Proc. Fall AAAI Symposium on Cognitive Robotics},
  pages={24--29},
  year={1998}
}



@inproceedings{singh1992reinforcement,
  title={Reinforcement learning with a hierarchy of abstract models},
  author={Singh, Satinder P},
  booktitle={Proceedings of the National Conference on Artificial Intelligence},
  number={10},
  pages={202},
  year={1992},
  organization={Citeseer}
}


@inproceedings{uchibe1996behavior,
  title={Behavior coordination for a mobile robot using modular reinforcement learning},
  author={Uchibe, Eiji and Asada, Minoru and Hosoda, Koh},
  booktitle=IEEE_C_IROS,
  volume=3,
  pages={1329--1336},
  year=1996,
  organization={IEEE}
}


%Learning compose
@article{qureshi2019composing,
  title={Composing task-agnostic policies with deep reinforcement learning},
  author={Qureshi, Ahmed H and Johnson, Jacob J and Qin, Yuzhe and Henderson, Taylor and Boots, Byron and Yip, Michael C},
  journal={International Conference on Learning Representations},
  year={2020}
}

@article{sutton1999between,
  title={Between {MDP}s and semi-{MDP}s: A framework for temporal abstraction in reinforcement learning},
  author={Sutton, Richard S and Precup, Doina and Singh, Satinder},
  journal={Artificial intelligence},
  volume=112,
  number={1-2},
  pages={181--211},
  year=1999,
  publisher={Elsevier}
}


@article{daniel2016probabilistic,
  title={Probabilistic inference for determining options in reinforcement learning},
  author={Daniel, Christian and Van Hoof, Herke and Peters, Jan and Neumann, Gerhard},
  journal={Machine Learning},
  volume={104},
  number={2},
  pages={337--357},
  year={2016},
  publisher={Springer}
}

@article{fox2017multi,
  title={Multi-level discovery of deep options},
  author={Fox, Roy and Krishnan, Sanjay and Stoica, Ion and Goldberg, Ken},
  journal={arXiv preprint arXiv:1703.08294},
  year={2017}
}
krishnan2017ddco,achiam2018variational,fox2017multi
@article{achiam2018variational,
  title={Variational option discovery algorithms},
  author={Achiam, Joshua and Edwards, Harrison and Amodei, Dario and Abbeel, Pieter},
  journal={arXiv preprint arXiv:1807.10299},
  year={2018}
}

@article{heess2016learning,
  title={Learning and transfer of modulated locomotor controllers},
  author={Heess, Nicolas and Wayne, Greg and Tassa, Yuval and Lillicrap, Timothy and Riedmiller, Martin and Silver, David},
  journal={arXiv preprint arXiv:1610.05182},
  year={2016}
}

@inproceedings{krishnan2017ddco,
  title={DDCO: Discovery of deep continuous options for robot learning from demonstrations},
  author={Krishnan, Sanjay and Fox, Roy and Stoica, Ion and Goldberg, Ken},
  booktitle={Conference on Robot Learning},
  pages={418--437},
  year={2017},
  organization={PMLR}
}

@inproceedings{kipf2019compile,
  title={Compile: Compositional imitation learning and execution},
  author={Kipf, Thomas and Li, Yujia and Dai, Hanjun and Zambaldi, Vinicius and Sanchez-Gonzalez, Alvaro and Grefenstette, Edward and Kohli, Pushmeet and Battaglia, Peter},
  booktitle={International Conference on Machine Learning},
  pages={3418--3428},
  year={2019},
  organization={PMLR}
}


%%%%% MDN

@inproceedings{ha2018recurrent,
  title={Recurrent world models facilitate policy evolution},
  author={Ha, David and Schmidhuber, J{\"u}rgen},
  booktitle={Advances in Neural Information Processing Systems},
  year={2018}
}

@inproceedings{wang2018deep,
  title={Deep mixture of experts via shallow embedding},
  author={Wang, Xin and Yu, Fisher and Dunlap, Lisa and Ma, Yi-An and Wang, Ruth and Mirhoseini, Azalia and Darrell, Trevor and Gonzalez, Joseph E},
  booktitle=ICML,
  year={2018}
}

@article{lakshminarayanan2016simple,
  title={Simple and scalable predictive uncertainty estimation using deep ensembles},
  author={Lakshminarayanan, Balaji and Pritzel, Alexander and Blundell, Charles},
  journal={arXiv preprint arXiv:1612.01474},
  year={2016}
}


@TechReport{bishop1994mixture,
  title={Mixture density networks},
  author={Bishop, Christopher M},
  year=1994,
  institution =  {Aston University, Birmingham, UK}}
}

@Book{Bishop2006,
  Title                    = {Pattern Recognition and Machine Learning},
  Author                   = {Bishop, Christopher M.},
  Publisher                = {Springer},
  Year                     = {2006},
  Edition                  = {1st ed. 2006},
  Month                    = {October},

  File                     = {Bishop2006.pdf:Bishop2006.pdf:PDF},
  Keywords                 = {math, book}
}


%sample efficency
@article{chua2018deep,
  title={Deep reinforcement learning in a handful of trials using probabilistic dynamics models},
  author={Chua, Kurtland and Calandra, Roberto and McAllister, Rowan and Levine, Sergey},
  journal={Advances in Neural Information Processing Systems},
  year={2018}
}

%Safety
@inproceedings{zhou2020deep,
  title={Deep Model-Based Reinforcement Learning via Estimated Uncertainty and Conservative Policy Optimization},
  author={Zhou, Qi and Li, Houqiang and Wang, Jie},
  booktitle={AAAI Conference on Artificial Intelligence},
  year={2020}
}
@article{osband2016deep,
  title={Deep exploration via bootstrapped {DQN}},
  author={Osband, Ian and Blundell, Charles and Pritzel, Alexander and Van Roy, Benjamin},
  journal={Advances in Neural Information Processing Systems},
  year={2016}
}
@article{kuo2021uncertainty,
  title={Uncertainty-aware Contact-safe Model-based Reinforcement Learning},
  author={Kuo, Cheng-Yu and Schaarschmidt, Andreas and Cui, Yunduan and Asfour, Tamim and Matsubara, Takamitsu},
  journal={IEEE Robotics and Automation Letters},
  year={2021},
}
@incollection{botev2013cross,
  title={The cross-entropy method for optimization},
  author={Z. Botev and D. Kroese and R. Rubinstein and P. L'Ecuyer},
  booktitle={Handbook of statistics},
  volume={31},
  pages={35--59},
  year={2013},
}
@article{mpcmethods,
author = {A. Rao},
year = {2010},
month = {1},
pages = {},
title = {A Survey of Numerical Methods for Optimal Control},
volume = {135},
journal = {Advances in the Astronautical Sciences}
}


@article{rajeswaran2016epopt,
  title={Epopt: Learning robust neural network policies using model ensembles},
  author={Rajeswaran, Aravind and Ghotra, Sarvjeet and Ravindran, Balaraman and Levine, Sergey},
  journal={International Conference on Learning Representations},
  year={2017}
}

@article{buckman2018sample,
  title={Sample-efficient reinforcement learning with stochastic ensemble value expansion},
  author={Buckman, Jacob and Hafner, Danijar and Tucker, George and Brevdo, Eugene and Lee, Honglak},
  journal={Advances in Neural Information Processing Systems},
  year={2018}
}

@inproceedings{deisenroth2011pilco,
  title={PILCO: A model-based and data-efficient approach to policy search},
  author={Deisenroth, Marc and Rasmussen, Carl E},
  booktitle={International Conference on Machine Learning},
  year={2011},
}

@inproceedings{higuera2018synthesizing,
  title={Synthesizing neural network controllers with probabilistic model-based reinforcement learning},
  author={Higuera, Juan Camilo Gamboa and Meger, David and Dudek, Gregory},
  booktitle=IEEE_C_IROS,
  year={2018},
}

@inproceedings{nagabandi2018neural,
  title={Neural network dynamics for model-based deep reinforcement learning with model-free fine-tuning},
  author={Nagabandi, Anusha and Kahn, Gregory and Fearing, Ronald S and Levine, Sergey},
  booktitle={IEEE International Conference on Robotics and Automation},
  year={2018},
}

@inproceedings{Lenz2015DeepMPCLD,
  title={{DeepMPC}: Learning deep latent features for model predictive control},
  author={I. Lenz and K. A. Ross and A. Saxena},
  booktitle={Robotics Science and Systems},
  year={2015}
}

@book{camacho2013model,
  title={Model predictive control},
  author={E. Camacho and C. Alba},
  year={2013},
  publisher={Springer Science \& Business Media}
}


@PhdThesis{steinberg2013unsupervised,
  title={An unsupervised approach to modelling visual data},
  author={Steinberg, Daniel},
  year={2013},
  school={University of Sydney}
}

@inproceedings{lynnerup2020survey,
  title={A Survey on Reproducibility by Evaluating Deep Reinforcement Learning Algorithms on Real-World Robots},
  author={Lynnerup, Nicolai A and Nolling, Laura and Hasle, Rasmus and Hallam, John},
  booktitle={Conference on Robot Learning},
  pages={466--489},
  year=2020,
  organization={PMLR}
}

@inproceedings{calinon2012multi,
  title={Multi-optima exploration with adaptive Gaussian mixture model},
  author={Calinon, Sylvain and Pervez, Affan and Caldwell, Darwin G},
  booktitle={IEEE International Conference on Development and Learning and Epigenetic Robotics},
  year={2012},
}

@inproceedings{bruno2013bayesian,
  title={Bayesian nonparametric multi-optima policy search in reinforcement learning},
  author={Bruno, Danilo and Calinon, Sylvain and Caldwell, Darwin},
  booktitle={AAAI Conference on Artificial Intelligence},
  year={2013}
}


@INPROCEEDINGS{6907174,
author={M. Dominici and R. Cortesao},
booktitle={IEEE International Conference on Robotics and Automation},
title={Model predictive control architectures with force feedback for robotic-assisted beating heart surgery},
year={2014},
volume={},
number={}, }

@inproceedings{sax2020learning,
  title={Learning to Navigate Using Mid-Level Visual Priors},
  author={Sax, Alexander and Zhang, Jeffrey O and Emi, Bradley and Zamir, Amir and Savarese, Silvio and Guibas, Leonidas and Malik, Jitendra},
  booktitle={Conference on Robot Learning},
  pages={791--812},
  year={2020},
  organization={PMLR}
}

@inproceedings{codevilla2019exploring,
  title={Exploring the limitations of behavior cloning for autonomous driving},
  author={Codevilla, Felipe and Santana, Eder and L{\'o}pez, Antonio M and Gaidon, Adrien},
  booktitle={Proceedings of the IEEE/CVF International Conference on Computer Vision},
  pages={9329--9338},
  year={2019}
}

@techreport{pomerleau1989alvinn,
  title={Alvinn: An autonomous land vehicle in a neural network},
  author={Pomerleau, Dean A},
  note={Artificial Intelligence And Psychology Project},
  year={1989},
  institution={Carnegie-Mellon University, Pittsburgh PA}
}

@inproceedings{codevilla2018end,
  title={End-to-end driving via conditional imitation learning},
  author={Codevilla, Felipe and M{\"u}ller, Matthias and L{\'o}pez, Antonio and Koltun, Vladlen and Dosovitskiy, Alexey},
  booktitle=IEEE_C_ICRA,
  pages={4693--4700},
  year={2018},
}

@article{grigorescu2020survey,
  title={A survey of deep learning techniques for autonomous driving},
  author={Grigorescu, Sorin and Trasnea, Bogdan and Cocias, Tiberiu and Macesanu, Gigel},
  journal={Journal of Field Robotics},
  volume={37},
  number={3},
  pages={362--386},
  year={2020},
  publisher={Wiley Online Library}
}

@inproceedings{houshmand2019penetration,
  title={The penetration rate effect of connected and automated vehicles in mixed traffic routing},
  author={Houshmand, Arian and Wollenstein-Betech, Salom{\'o}n and Cassandras, Christos G},
  booktitle={Intelligent Transportation Systems Conference},
  pages={1755--1760},
  year={2019},
  organization={IEEE}
}
