@InProceedings{,
  author =       {Austin Thai and Rohit Jain and Sheryl Grace},
  title =        {CFD Validation of Small Quadrotor Performance using CREATETM-AV Helios},
  booktitle = {VFS 75th Annual Forum & Technology Display},
  year =      {2019},
}

@InProceedings{,
  author =       {Austin Thai and Sheryl Grace},
  title =        {A Numerical Study of Important Flow Effects for Quadrotor Performance in Hover},
  booktitle = {Northeast Regional AIAA Student Conference},
  year =      {2019},
}

@InProceedings{,
  author =       {Austin Thai and Sheryl Grace},
  title =        {Prediction of small quadrotor blade induced noise},
  booktitle = {AIAA/CEAS Aeroacoustics Conference},
  year =      {2019},
}



