% surveys;
@article{losey2018review,
  title={A review of intent detection, arbitration, and communication aspects of shared control for physical human--robot interaction},
  author={Losey, Dylan P and McDonald, Craig G and Battaglia, Edoardo and O'Malley, Marcia K},
  journal={Applied Mechanics Reviews},
  volume=70,
  number=1,
  year=2018,
  publisher={American Society of Mechanical Engineers Digital Collection},
  annote={Survey with different mechanisms for arbitration and haptic communication. Geared toware prostheses.}
}

@incollection{Niemeyer2008,
  title={Telerobotics},
  author={Niemeyer, G{\"u}nter and Preusche, Carsten and Hirzinger, Gerd},
  booktitle={Springer handbook of robotics},
  pages={741--757},
  year={2008},
}

% blending
@inproceedings{heger2006sliding,
  title={Sliding autonomy for complex coordinated multi-robot tasks: Analysis \& experiments},
  author={Heger, Frederik W and Singh, Sanjiv},
  year=2006,
  publisher={Carnegie Mellon University},
  booktitle=RSS
}

@inproceedings{desai2005blending,
   title={Blending human and robot inputs for sliding scale autonomy},
   author={Desai, Munjal and Yanco, Holly A},
   booktitle=ROMAN,
   pages={537--542},
   year={2005},
   organization={IEEE},
   annote={Identifies relevant system variables that can be used to synthesize new modes}
 }

@article{dragan2013policy,
   title={A policy-blending formalism for shared control},
   author={Dragan, Anca D and Srinivasa, Siddhartha S},
   journal=IJRR,
   volume={32},
   number={7},
   pages={790--805},
   year={2013},
   publisher={SAGE Publications},
   annote={intent prediction + arbitration. Prediction: ok if inaccurate, there is the user in the loop. Arbitration: user study suggest needs to be contextual to relative uncertainty, user preference}
 }


@article{gombolay2017computational,
  title={Computational design of mixed-initiative human--robot teaming that considers human factors: situational awareness, workload, and workflow preferences},
  author={Gombolay, Matthew and Bair, Anna and Huang, Cindy and Shah, Julie},
  journal=IJRR,
  volume={36},
  number={5-7},
  pages={597--617},
  year={2017},
  publisher={SAGE Publications Sage UK: London, England},
  annote={Scheduling}
}

% virtual fixtures
@inproceedings{joly1995imposing,
  title={Imposing motion constraints to a force reflecting telerobot through real-time simulation of a virtual mechanism},
  author={Joly, Luc D and Andriot, Claude},
  booktitle=IEEE_C_ICRA,
  volume={1},
  pages={357--362},
  year={1995},
}

@incollection{abbott2007haptic,
  title={Haptic virtual fixtures for robot-assisted manipulation},
  author={Abbott, Jake J and Marayong, Panadda and Okamura, Allison M},
  booktitle={Robotics research},
  pages={49--64},
  year=2007,
  publisher={Springer},
  annote={One of first review papers on the concept of virtual fixtures}
}

@inproceedings{rosenberg1993virtual,
  title={Virtual fixtures: Perceptual tools for telerobotic manipulation},
  author={Rosenberg, Louis B},
  booktitle={{IEEE} virtual reality annual international symposium},
  pages={76--82},
  year={1993},
  notes={metaphore of line drawing, fixtures as kinestetic clue about localization in the virtual/remote environment, sensory localization plays some part (e.g., giving feedback to left hand when task is performed with right hand helps but is less effective). Additional modalities (sound + haptic) was also beneficial.}
}

@article{bowyer2013active,
  title={Active constraints/virtual fixtures: A survey},
  author={Bowyer, Stuart A and Davies, Brian L and y Baena, Ferdinando Rodriguez},
  journal=IEEE_J_RA,
  volume=30,
  number=1,
  pages={138--157},
  year=2013,
  annote={More recent survey on virtual fixtures. Includes mechanisms, modeling and implementation options.}
}

@article{salcudean1997emulation,
  title={On the emulation of stiff walls and static friction with a magnetically levitated input/output device},
  author={Salcudean, Septimiu E and Vlaar, Tim D},
  journal={{ASME} Journal of Dynamic Systems, Measurement, and Control},
  year={1997}
}

@inproceedings{li2005constrained,
  title={A constrained optimization approach to virtual fixtures},
  author={Li, Ming and Kapoor, Ankur and Taylor, Russell H},
  booktitle=IEEE_C_IROS,
  pages={1408--1413},
  year={2005},
  notes={uses constrained optimization}
}

@incollection{turro2001haptically,
  title={Haptically augmented teleoperation},
  author={Turro, Nicolas and Khatib, Oussama},
  booktitle={Experimental Robotics VII},
  pages={1--10},
  year={2001},
  publisher={Springer},
  notes={repulsion/attraction fields, says requires high frequency to maintain stability}
}

@inproceedings{payandeh2002application,
  title={On application of virtual fixtures as an aid for telemanipulation and training},
  author={Payandeh, Shahram and Stanisic, Zoran},
  booktitle={Symposium on Haptic Interfaces for Virtual Environment and Teleoperator Systems},
  pages={18--23},
  year={2002},
  organization={IEEE}
}

% % Moving
@inproceedings{gibo2009design,
  title={Design considerations and human-machine performance of moving virtual fixtures},
  author={Gibo, Tricia L and Verner, Lawton N and Yuh, David D and Okamura, Allison M},
  booktitle=IEEE_C_ICRA,
  pages={671--676},
  year={2009},
  notes={spring model, predicted vs current position of surface}
}

@article{powell2012task,
  title={The task-dependent efficacy of shared-control haptic guidance paradigms},
  author={Powell, Dane and O'Malley, Marcia K},
  journal=IEEE_J_H,
  volume={5},
  number={3},
  pages={208--219},
  year={2012},
  notes={taxonomy, proxy model with springs}
}


% stability
% % Lyapunov
@article{rifai2011haptic,
  title={Haptic-based bilateral teleoperation of underactuated unmanned aerial vehicles},
  author={Rifa{\"\i}, Hala and Hua, Minh-Duc and Hamel, Tarek and Morin, Pascal},
  journal={IFAC Proceedings Volumes},
  volume={44},
  number={1},
  pages={13782--13788},
  year={2011},
  publisher={Elsevier},
  notes={Uses underactuated model for quadrotor, Lyapunov analysis to show ISS}
 }

@inproceedings{Omari2013,
  title={Bilateral haptic teleoperation of {VTOL UAVs}},
  author={Omari, Sammy and Hua, Minh-Duc and Ducard, Guillaume and Hamel, Tarek},
  booktitle=IEEE_C_ICRA,
  pages={2393--2399},
  year={2013},
  notes={uses Lyapunov to show ISS, hybrid position to position/velocity mapping}
}

% % Passivity
@article{adams1999stable,
  title={Stable haptic interaction with virtual environments},
  author={Adams, Richard J and Hannaford, Blake},
  journal=IEEE_J_RA,
  volume={15},
  number={3},
  pages={465--474},
  year={1999},
  notes={Stability using linear two-port networks (proxies are just another two-port), passivity, frequency domain}
}

@article{lee2010passive,
  title={Passive-set-position-modulation framework for interactive robotic systems},
  author={Lee, Dongjun and Huang, Ke},
  journal=IEEE_J_RA,
  volume={26},
  number={2},
  pages={354--369},
  year={2010},
}

@inproceedings{selvaggio2019passive,
  title={Passive task-prioritized shared-control teleoperation with haptic guidance},
  author={Selvaggio, Mario and Giordano, P Robuffo and Ficuciello, Fanny and Siciliano, Bruno},
  booktitle=IEEE_C_ICRA,
  pages={430--436},
  year={2019},
  organization={IEEE},
  notes={uses lee2010}
}

@article{hannaford2002time,
  title={Time-domain passivity control of haptic interfaces},
  author={Hannaford, Blake and Ryu, Jee-Hwan},
  journal=IEEE_J_RA,
  volume={18},
  number={1},
  pages={1--10},
  year={2002},
  notes={introduces elements that observe/dissipate energy in port networks}
}

@article{ryu2005time,
  title={Time domain passivity control with reference energy following},
  author={Ryu, Jee-Hwan and Preusche, Carsten and Hannaford, Blake and Hirzinger, Gerd},
  journal=IEEE_J_CST,
  volume={13},
  number={5},
  pages={737--742},
  year={2005},
  notes={similar to hannaford2002, but uses time-varying threshold to suppress high-frequency oscillations}
}

@inproceedings{kosuge1995tele,
  title={Tele-manipulation system based on task-oriented virtual tool},
  author={Kosuge, Kazuhiro and Itoh, Tomotaka and Fukuda, Toshio and Otsuka, Manabu},
  booktitle=IEEE_C_ICRA,
  volume={1},
  pages={351--356},
  year={1995},
  notes={passivity, virtual dynamics}
}

% % port-Hamiltonian
@article{mersha2013bilateral,
  title={On bilateral teleoperation of aerial robots},
  author={Mersha, Abeje Yenehun and Stramigioli, Stefano and Carloni, Raffaella},
  journal=IEEE_J_RA,
  volume={30},
  number={1},
  pages={258--274},
  year={2013},
  notes={uses proxy, port-Hamiltonian}
}

@inproceedings{stramigioli2010novel,
  title={A novel approach to haptic tele-operation of aerial robot vehicles},
  author={Stramigioli, Stefano and Mahony, Robert and Corke, Peter},
  booktitle=IEEE_C_ICRA,
  pages={5302--5308},
  year={2010},
}

% % Frequency space (admittance)
@inproceedings{abbott2003analysis,
  title={Analysis of virtual fixture contact stability for telemanipulation},
  author={Abbott, Jake J and Okamura, Allison M},
  booktitle=IEEE_C_ICRA,
  volume={3},
  pages={2699--2706},
  year={2003},
  organization={IEEE}
}

@article{abbott2006stable,
  title={Stable forbidden-region virtual fixtures for bilateral telemanipulation},
  author={Abbott, Jake J and Okamura, Allison M},
  journal = {Journal of Dynamic Systems, Measurement, and Control},
  volume = {128},
  number = {1},
  pages = {53-64},
  year = {2005},
  notes={journal version of abbott2003}
}

%multiagent
@inproceedings{lee2011haptic,
  title={Haptic teleoperation of multiple unmanned aerial vehicles over the internet},
  author={Lee, Dongjun and Franchi, Antonio and Giordano, Paolo Robuffo and Son, Hyoung Il and B{\"u}lthoff, Heinrich H},
  booktitle=IEEE_C_ICRA,
  pages={1341--1347},
  year={2011},
}

@article{robuffo2013passivity,
  title={A passivity-based decentralized strategy for generalized connectivity maintenance},
  author={Robuffo Giordano, Paolo and Franchi, Antonio and Secchi, Cristian and B{\"u}lthoff, Heinrich H},
  journal=IJRR,
  volume={32},
  number={3},
  pages={299--323},
  year={2013},
  publisher={SAGE Publications Sage UK: London, England},
}


%from point clouds
@inproceedings{ryden2011proxy,
  title={Proxy method for fast haptic rendering from time varying point clouds},
  author={Ryden, Fredrik and Kosari, Sina Nia and Chizeck, Howard Jay},
  booktitle=IEEE_C_IROS,
  pages={2614--2619},
  year={2011},
  notes={uses spherical proxy}
}

@inproceedings{ryden2012forbidden,
  title={Forbidden-region virtual fixtures from streaming point clouds: Remotely touching and protecting a beating heart},
  author={Ryden, Fredrik and Chizeck, Howard Jay},
  booktitle=IEEE_C_IROS,
  pages={3308--3313},
  year={2012},
  notes={very similar to ryden2011proxy}
}

%potential methods
@inproceedings{chong2001virtual,
  title={Virtual repulsive force field guided coordination for multi-telerobot collaboration},
  author={Chong, Nak Young and Kotoku, Tetsuo and Ohba, Kohtaro and Tanie, Kazuo},
  booktitle=IEEE_C_ICRA,
  volume={1},
  pages={1013--1018},
  year={2001},
  notes={Force from potential field rendered on the master}
}

@inproceedings{kuang2004assembling,
  title={Assembling virtual fixtures for guidance in training environments},
  author={Kuang, Alex B and Payandeh, Shahram and Zheng, Bin and Henigman, Frank and MacKenzie, Christine L},
  booktitle={12th International Symposium on Haptic Interfaces for Virtual Environment and Teleoperator Systems, 2004. HAPTICS'04. Proceedings.},
  pages={367--374},
  year={2004},
  notes={VR library of graphic/haptic augmentation with force fields}
}

@inproceedings{aigner1997human,
  title={Human integration into robot control utilising potential fields},
  author={Aigner, Peter and McCarragher, Brenan},
  booktitle=IEEE_C_ICRA,
  volume={1},
  pages={291--296},
  year={1997},
}

@inproceedings{ammi2007robotic,
  title={Robotic assisted micromanipulation system using virtual fixtures and metaphors},
  author={Ammi, Mehdi and Ferreira, Antoine},
  booktitle=IEEE_C_ICRA,
  pages={454--460},
  year={2007},
  notes={Application to Atomic Force Microscope}
}

@inproceedings{zhang2012realization,
  title={Realization of spatial compliant virtual fixture using eigenscrews},
  author={Zhang, Dongwen and Wang, Lei and Gu, Jia and Li, Zhicheng and Chen, Ken},
  booktitle={IEEE Engineering in Medicine and Biology Society Conference},
  pages={1506--1509},
  year={2012},
  notes={defines 6x6 admittance matrix in screw space}
}

@article{kikuuwe2008control,
  title={A control framework to generate nonenergy-storing virtual fixtures: Use of simulated plasticity},
  author={Kikuuwe, Ryo and Takesue, Naoyuki and Fujimoto, Hideo},
  journal=IEEE_J_RA,
  volume={24},
  number={4},
  pages={781--793},
  year={2008},
  notes={Uses saturation functions for plasticity plus friction}
}

@inproceedings{bowyer2013dynamic,
  title={Dynamic frictional constraints for robot assisted surgery},
  author={Bowyer, Stuart A and y Baena, Ferdinando Rodriguez},
  booktitle={World Haptics Conference},
  pages={319--324},
  year={2013},
  organization={IEEE},
  notes={uses a generalized elastoplastic damping}
}

%separation of directions
@article{bettini2004vision,
  title={Vision-assisted control for manipulation using virtual fixtures},
  author={Bettini, Alessandro and Marayong, Panadda and Lang, Samuel and Okamura, Allison M and Hager, Gregory D},
  journal=IEEE_J_RA,
  volume={20},
  number={6},
  pages={953--966},
  year={2004},
  publisher={IEEE}
}

@inproceedings{marayong2003spatial,
  title={Spatial motion constraints: Theory and demonstrations for robot guidance using virtual fixtures},
  author={Marayong, Panadda and Li, Ming and Okamura, Allison M and Hager, Gregory D},
  booktitle={2003 IEEE International Conference on Robotics and Automation (Cat. No. 03CH37422)},
  volume={2},
  pages={1954--1959},
  year={2003},
  notes={First (?) paper with decomposition, distiguishes between "open" and "closed" loop fixtures}
}


%weareable devices
@inproceedings{raitor2017wrap,
  title={{WRAP}: Wearable, restricted-aperture pneumatics for haptic guidance},
  author={Raitor, Michael and Walker, Julie M and Okamura, Allison M and Culbertson, Heather},
  booktitle=IEEE_C_ICRA,
  pages={427--432},
  year={2017},
  organization={IEEE}
}

@inproceedings{agharese2018hapwrap,
  title={{HapWRAP}: Soft growing wearable haptic device},
  author={Agharese, Nathaniel and Cloyd, Tyler and Blumenschein, Laura H and Raitor, Michael and Hawkes, Elliot W and Culbertson, Heather and Okamura, Allison M},
  booktitle=IEEE_C_ICRA,
  pages={5466--5472},
  year=2018,
}

% interactions and intention
@inproceedings{ge2011neural,
  title={Neural-network-based human intention estimation for physical human-robot interaction},
  author={Ge, Shuzhi Sam and Li, Yanan and He, Hongsheng},
  booktitle={International Conference on Ubiquitous Robots and Ambient Intelligence},
  pages={390--395},
  year={2011},
  organization={IEEE},
  notes={Assumes human has dynamics and a nonlinear feedback controller that uses state and force. Learn that feedback using NN (single layer RBF). Then assume that desired trajectory is known, and stabilize the entire closed loop to it.}
}

@article{li2013human,
  title={Human--robot collaboration based on motion intention estimation},
  author={Li, Yanan and Ge, Shuzhi Sam},
  journal=IEEE_J_MECH,
  volume={19},
  number={3},
  pages={1007--1014},
  year={2013},
  notes={similar to ge2011, but adaptive and with target impedance controller}
}

@article{wakita2011human,
  title={Human-walking-intention-based motion control of an omnidirectional-type cane robot},
  author={Wakita, Kohei and Huang, Jian and Di, Pei and Sekiyama, Kosuke and Fukuda, Toshio},
  journal=IEEE_J_MECH,
  volume={18},
  number={1},
  pages={285--296},
  year={2011},
  notes={assumes a hybrid system with piecewise constant inputs, with inputs=intended direction; assume you can use KF to find direction}
}

@inproceedings{shen2013motion,
  title={Motion intent recognition for control of a lower extremity assistive device ({LEAD})},
  author={Shen, Bingquan and Li, Jinfu and Bai, Fengjun and Chew, Chee-Meng},
  booktitle=IEEE_C_MA,
  pages={926--931},
  year={2013},
  notes={intention=motion label in a classifier}
}

@article{erden2010human,
  title={Human-intent detection and physically interactive control of a robot without force sensors},
  author={Erden, Mustafa Suphi and Tomiyama, Tetsuo},
  journal=IEEE_J_RA,
  volume={26},
  number={2},
  pages={370--382},
  year={2010},
  notes={Assumes point-to-point trajectories, uses change in total momentum as intention}
}

@article{pehlivan2015minimal,
  title={Minimal assist-as-needed controller for upper limb robotic rehabilitation},
  author={Pehlivan, Ali Utku and Losey, Dylan P and O'Malley, Marcia K},
  journal=IEEE_J_RA,
  volume={32},
  number={1},
  pages={113--124},
  year={2015},
  notes={Model-based EKF to estimate force (+disturbances) from the user, compare with a reference controller, uses Lyapunov theory to show stability of estimation+control}
}

% collaboration
@article{reed2008physical,
  title={Physical collaboration of human-human and human-robot teams},
  author={Reed, Kyle B and Peshkin, Michael A},
  journal=IEEE_J_H,
  volume={1},
  number={2},
  pages={108--120},
  year={2008},
  publisher={IEEE},
  note={collaborative manipulation of a two-handed crank by two-player teams (human-human, human-robot). Shows two types of specializations: Left/Right, and Acceleration/Deceleration, with the latter more common; i.e., specialize by phase}
}
