@phdthesis{kim2023exploiting,
  title={Exploiting Reconfiguration and Co-Design for Domain-Agnostic Hardware Acceleration},
  author={Kim, Sung},
  school={University of Michigan},
  year={2023}
}

@misc{ODROID,
author = {ODROID},
title = {{Hardkernel co., Ltd.}},
howpublished = "\url{http://www.hardkernel.com}",
}

@misc{Vicon,
author = {Vicon},
title = {{Vicon Motion Systems Ltd.}},
howpublished = "\url{http://www.vicon.com}",
}

@misc{OptitrackMotive,
author = {OptiTrack},
title = {Motive: Optical motion capture software},
howpublished = "\url{http://www.optitrack.com/}",
}

@misc{XSens,
author = {XSens},
title = {{Xsens Technologies B.V.}},
howpublished = "\url{https://www.xsens.com/}",
}

@misc{Asctec,
author = {{Ascending Technologies GmbH}},
title = {{Ascending Technologies GmbH}},
howpublished = "\url{http://www.asctec.de}",
}

@misc{Matrix_Vision,
author = {{Matrix Vision GmbH}},
title = {{Matrix Vision GmbH}},
howpublished = "\url{http://http://www.matrix-vision.com}",
}

@misc{XBee,
author = {DIGI},
title = {{DIGI XBee Ecosystem}},
howpublished="\url{https://www.digi.com/lp/xbee}",
}

@inproceedings{eller2019advanced,
  title={Advanced Autonomy on a Low-Cost Educational Drone Platform},
  author={Eller, Luke and Gu{\'e}rin, Th{\'e}o and Huang, Baichuan and Warren, Garrett and Yang, Sophie and Roy, Josh and Tellex, Stefanie},
  booktitle=IEEE_C_IROS,
  pages={1032--1039},
  year={2019},
  organization={IEEE}
}

@misc{duckieskyProgram,
author = {{Brown University}},
title = {{DuckieSky - A ROS Powered Drone for K-12}},
howpublished={\url{https://sites.brown.edu/duckiesky/}},
}

@inproceedings{paull2017duckietown,
  title={Duckietown: an open, inexpensive and flexible platform for autonomy education and research},
  author={Liam Paull and Jacopo Tani and Heejin Ahn and Javier Alonso-Mora and Luca Carlone and Michal Cap and Yu Fan Chen and Changhyun Choi and Jeff Dusek and Yajun Fang and Daniel Hoehener and Shih-Yuan Liu and Michael Novitzky and Igor Franzoni Okuyama and Jason Pazis and Guy Rosman and Valerio Varricchio and Hsueh-Cheng Wang and Dmitry Yershov and Hang Zhao and Michael Benjamin and Christopher Carr and Maria Zuber and Sertac Karaman and Emilio Frazzoli and Domitilla Del Vecchio and Daniela Rus and Jonathan How and John Leonard and Andrea Censi},
  booktitle=IEEE_C_ICRA,
  pages={1497--1504},
  year=2017,
  organization={IEEE}
}

@misc{iCreate,
author = {iRobot},
title = {{Create 2 Programmable Robot}},
howpublished = "\url{https://edu.irobot.com/what-we-offer/create-robot}",
}

@misc{PPS,
author = {Pressure Profile Systems},
title = {Sensor catalog},
howpublished = "https://selector.pps-dev.site/",
}

@misc{ThreeDTouch,
author = {{3D Systems}},
title = {Touch},
howpublished = "https://www.3dsystems.com/haptics-devices/touch",
}
@misc{xboxController,
  author =       {Microsoft},
  title =        {Xbox Wireless Controller},
  howpublished = "https://www.xbox.com/en-US/accessories/controllers/xbox-wireless-controller"}

@misc{nvidiaNano,
  author={nVidia},
  title={Jetson Nano Developer Kit},
}

@misc{Flyability,
  author =       {Flyability},
  title =        {Flyability -- Drones for indoor inspection and confined spaces},
  howpublished = "https://www.flyability.com/"
  }

@misc{Cyberhawk,
  author =       {Cyberhawk},
  title =        {Cyberhawk Drone Inspection},
  howpublished = "https://thecyberhawk.com"
  }

@misc{FairFleet,
  author =       {Fair Fleet},
  title =        {Aerial Photography - Drone Services by FairFleet},
  howpublished = "https://fairfleet360.com/"
  }

@misc{RPi,
author = {{Raspberry Pi Foundation}},
title = {{Raspberry Pi}},
howpublished = "\url{https://www.raspberrypi.com/}",
}

@misc{LibreAML,
author = {{Liber Computer}},
title = {{AML-S905X-CC (Le Potato)}},
howpublished = "\url{https://libre.computer/products/aml-s905x-cc/}",
}
