@book{mauroy2020koopman,
  title={Koopman operator in systems and control},
  author={Mauroy, Alexandre and Susuki, Y and Mezi{\'c}, I},
  year={2020},
  publisher={Springer},
  annpte={Chapters on stability, observability, controllability, interconnections, MPC, SysID, manifold learning (diffusion maps), active learning, nonlinear consensus}
}

@article{koopman1931hamiltonian,
  title={Hamiltonian systems and transformation in Hilbert space},
  author={Koopman, Bernard O},
  journal={Proceedings of the national academy of sciences of the united states of america},
  volume=17,
  number=5,
  pages=315,
  year=1931,
  publisher={National Academy of Sciences},
  annote={Original paper on Koopman operator}
}

@article{williams2015data,
  title={A data--driven approximation of the koopman operator: Extending dynamic mode decomposition},
  author={Williams, Matthew O and Kevrekidis, Ioannis G and Rowley, Clarence W},
  journal={Journal of Nonlinear Science},
  volume=25,
  number=6,
  pages={1307--1346},
  year=2015,
  publisher={Springer},
  annote={Original paper with Extended Dynamic Mode Decomposition}
}

@article{korda2018convergence,
  title={On convergence of extended dynamic mode decomposition to the Koopman operator},
  author={Korda, Milan and Mezi{\'c}, Igor},
  journal={Journal of Nonlinear Science},
  volume=28,
  number=2,
  pages={687--710},
  year=2018,
  publisher={Springer},
  annote={Convergence results of EDMD learning as number of samples goes to infinty}
}

@article{williams2014kernel,
  title={A kernel-based approach to data-driven Koopman spectral analysis},
  author={Williams, Matthew O and Rowley, Clarence W and Kevrekidis, Ioannis G},
  journal={arXiv preprint arXiv:1411.2260},
  year=2014,
  annote={Uses kernel methods to avoid building the vectors of observables explicitly}
}

@article{budivsic2012applied,
  title={Applied {K}oopmanism},
  author={Budi{\v{s}}i{\'c}, Marko and Mohr, Ryan and Mezi{\'c}, Igor},
  journal={Chaos: An Interdisciplinary Journal of Nonlinear Science},
  volume={22},
  number={4},
  pages={047510},
  year={2012},
  publisher={American Institute of Physics}
}

% With DNNs

@article{lusch2018deep,
  title={Deep learning for universal linear embeddings of nonlinear dynamics},
  author={Lusch, Bethany and Kutz, J Nathan and Brunton, Steven L},
  journal={Nature communications},
  volume=9,
  number=1,
  pages={1--10},
  year=2018,
  publisher={Nature Publishing Group},
  annotate={With a NN parametrizing Fourier decomposition, allowing continuous spectra}
}

@inproceedings{azencot2020forecasting,
  title={Forecasting sequential data using consistent Koopman autoencoders},
  author={Azencot, Omri and Erichson, N Benjamin and Lin, Vanessa and Mahoney, Michael},
  booktitle=ICML,
  pages={475--485},
  year={2020},
  organization={PMLR}
}

@inproceedings{yeung2019learning,
  title={Learning deep neural network representations for Koopman operators of nonlinear dynamical systems},
  author={Yeung, Enoch and Kundu, Soumya and Hodas, Nathan},
  booktitle={2019 American Control Conference (ACC)},
  pages={4832--4839},
  year=2019,
  organization={IEEE},
  annote={Learn NNs with backpropagation through EDMD}
}

@article{li2017extended,
  title={Extended dynamic mode decomposition with dictionary learning: A data-driven adaptive spectral decomposition of the Koopman operator},
  author={Li, Qianxiao and Dietrich, Felix and Bollt, Erik M and Kevrekidis, Ioannis G},
  journal={Chaos: An Interdisciplinary Journal of Nonlinear Science},
  volume=27,
  number=10,
  pages=103111,
  year=2017,
  publisher={AIP Publishing LLC},
  annote={Dictionary learning with 3-layer NN for dictionary, bilinear minimization}
}

@article{mauroy2019koopman,
  title={{K}oopman-based lifting techniques for nonlinear systems identification},
  author={Mauroy, Alexandre and Goncalves, Jorge},
  journal=IEEE_J_AC,
  volume={65},
  number={6},
  pages={2550--2565},
  year={2019},
  publisher={IEEE}
}

+@article{khosravi2023representer,
  title={Representer theorem for learning Koopman operators},
  author={Khosravi, Mohammad},
  journal=IEEE_J_AC,
  year={2023},
  annote={Assumes observables are kernels}
}


% Group symmetries

@article{baddoo2021physics,
  title={Physics-informed dynamic mode decomposition (piDMD)},
  author={Baddoo, Peter J and Herrmann, Benjamin and McKeon, Beverley J and Kutz, J Nathan and Brunton, Steven L},
  journal={arXiv preprint arXiv:2112.04307},
  year={2021}
}


@article{sinha2020koopman,
  title={Koopman operator methods for global phase space exploration of equivariant dynamical systems},
  author={Sinha, Subhrajit and Nandanoori, Sai Pushpak and Yeung, Enoch},
  journal={IFAC-PapersOnLine},
  volume={53},
  number={2},
  pages={1150--1155},
  year={2020},
  publisher={Elsevier}
}

@article{salova2019koopman,
  title={Koopman operator and its approximations for systems with symmetries},
  author={Salova, Anastasiya and Emenheiser, Jeffrey and Rupe, Adam and Crutchfield, James P and D’Souza, Raissa M},
  journal={Chaos: An Interdisciplinary Journal of Nonlinear Science},
  volume={29},
  number={9},
  pages={093128},
  year={2019},
  publisher={AIP Publishing LLC}
}

@article{haseli2022temporal,
  title={Temporal Forward--Backward Consistency, Not Residual Error, Measures the Prediction Accuracy of Extended Dynamic Mode Decomposition},
  author={Haseli, Masih and Cort{\'e}s, Jorge},
  journal=IEEE_J_CSL,
  volume={7},
  pages={649--654},
  year={2022},
  publisher={IEEE}
}

@article{jiang2022correcting,
  title={Correcting noisy dynamic mode decomposition with Kalman filters},
  author={Jiang, Lijian and Liu, Ningxin},
  journal={Journal of Computational Physics},
  volume={461},
  pages={111175},
  year={2022},
  publisher={Elsevier},
  annote={KF to obtain unbiased estimate of KO and reduce effect of noise},
}

@article{haseli2023modeling,
  title={Modeling nonlinear control systems via {K}oopman {C}ontrol {F}amily: Universal forms and subspace invariance proximity},
  author={Haseli, Masih and Cort{\'e}s, Jorge},
  journal={arXiv preprint arXiv:2307.15368},
  year={2023},
  annote={Uses consistency index from haseli2022temporal. Parametrizes K with u_k (generating a Koopman Control Family). Subspace invariance if it is common to all possible switchings. Shows how to parametrize family using separable observables (multiplication of $u$ $x$)}
}

% stability

@article{mamakoukas2023learning,
  title={Learning stable models for prediction and control},
  author={Mamakoukas, Giorgos and Abraham, Ian and Murphey, Todd D},
  journal=IEEE_J_RA,
  year={2023},
  publisher={IEEE},
  comment={See also methods for stability of LDS under control.bib}
}


@article{yi2023equivalence,
  title={On the equivalence of contraction and Koopman approaches for nonlinear stability and control},
  author={Yi, Bowen and Manchester, Ian R},
  journal=IEEE_J_AC,
  year={2023},
  publisher={IEEE},
  annote={Show stable Koopman imples contraction metric. Considers non-autonomous system using time-varying observables.}
}

@inproceedings{fan2022learning,
  title={Learning stable {K}oopman embeddings},
  author={Fan, Fletcher and Yi, Bowen and Rye, David and Shi, Guodong and Manchester, Ian R},
  booktitle=IEEE_C_ACC,
  pages={2742--2747},
  year={2022},
  organization={IEEE},
  annote={Uses a parametrization of Schur stable matrices and deep learning}
}

@article{bevanda2022diffeomorphically,
	title = {Diffeomorphically {Learning} {Stable} {Koopman} {Operators}},
	volume = {6},
	issn = {2475-1456},
	journal = IEEE_J_CSL,
	author = {Bevanda, Petar and Beier, Max and Kerz, Sebastian and Lederer, Armin and Sosnowski, Stefan and Hirche, Sandra},
	year = {2022},
	note = {Conference Name: IEEE Control Systems Letters},
	pages = {3427--3432},
  annote={Similar to fan2022learning, but only for CT systems, and different way to compute errors/parametrize the system}
}

% From Drew
@article{bakker2020koopman,
  title={The koopman operator: Capabilities and recent advances},
  author={Bakker, Craig and Bhattacharya, Arnab and Chatterjee, Samrat and Perkins, Casey J and Oster, Matthew R},
  journal={Resilience Week},
  pages={34--40},
  year={2020},
  publisher={IEEE}
}

@misc{brunton2021modern,
	title = {Modern {Koopman} {Theory} for {Dynamical} {Systems}},
	url = {http://arxiv.org/abs/2102.12086},
	urldate = {2022-10-04},
	publisher = {arXiv},
	author = {Brunton, Steven L. and Budišić, Marko and Kaiser, Eurika and Kutz, J. Nathan},
	month = oct,
	year = {2021},
	note = {arXiv:2102.12086 [cs, eess, math]},
  annote={Useful tutorial/survey of different uses of KO}
}

@article{ng2023data,
	title = {Data-{Driven} {Encoding}: {A} {New} {Numerical} {Method} for {Computation} of the {Koopman} {Operator}},
	issn = {2377-3766},
	journal = IEEE_J_RAL,
	author = {Ng, Jerry and Asada, H. Harry},
	year = {2023},
	pages = {1--8},
  annote={Instead of using LS, compute KO by approximating each coefficient as an inner product (integral) over the entire state space, and approximate it using quadrature on data}
}

@inproceedings{surana2017koopman,
	title = {Koopman operator framework for constrained state estimation},
	booktitle = IEEE_C_CDC,
	author = {Surana, Amit and Williams, Matthew O. and Morari, Manfred and Banaszuk, Andrzej},
	month = dec,
	year = {2017},
	pages = {94--101},
}

% adaptive
@inproceedings{dittmer2022data,
  title={Data-driven Adaptive Model Predictive Control for Wind Farms: A Koopman-Based Online Learning Approach},
  author={Dittmer, Antje and Sharan, Bindu and Werner, Herbert},
  booktitle=IEEE_C_CDC,
  pages={1999--2004},
  year={2022},
  organization={IEEE},
  annote={Uses linear inputs formulation; trigger updates by events on estimation residuals. Adds excitation disturbance for online data collection. Uses low-rank updates of regression matrices}
}

@article{liew2022streaming,
  title={Streaming dynamic mode decomposition for short-term forecasting in wind farms},
  author={Liew, Jaime and G{\"o}{\c{c}}men, Tuhfe and Lio, Wai Hou and Larsen, Gunner Chr},
  journal={Wind Energy},
  volume={25},
  number={4},
  pages={719--734},
  year={2022},
  publisher={Wiley Online Library},
  annote={uses a rank-one update scheme similar to dittmer2022data}
}

@article{mauroy2019koopman,
  title={{K}oopman-based lifting techniques for nonlinear systems identification},
  author={Mauroy, Alexandre and Goncalves, Jorge},
  journal=IEEE_J_AC,
  volume={65},
  number={6},
  pages={2550--2565},
  year={2019},
  publisher={IEEE}
}
