@article{bruder2020data,
	title = {Data-{Driven} {Control} of {Soft} {Robots} {Using} {Koopman} {Operator} {Theory}},
	issn = {1941-0468},
	journal = IEEE_J_RA,
	author = {Bruder, D. and Fu, X. and Gillespie, R. B. and Remy, C. D. and Vasudevan, R.},
	year = {2020},
	pages = {1--14},
}

@inproceedings{bruder2019nonlinear,
	title = {Nonlinear {System} {Identification} of {Soft} {Robot} {Dynamics} {Using} {Koopman} {Operator} {Theory}},
	booktitle = IEEE_C_ICRA,
	author = {Bruder, D. and Remy, C. D. and Vasudevan, R.},
	month = may,
	year = {2019},
	note = {ISSN: 2577-087X},
	pages = {6244--6250},
}

@inproceedings{bruder2019modeling,
  title={Modeling and control of soft robots using the koopman operator and model predictive control},
  author={Bruder, Daniel and Gillespie, Brent and Remy, C David and Vasudevan, Ram},
  booktitle=RSS,
  year={2019}
}


@article{shi2023koopman,
	title = {Koopman {Operators} for {Modeling} and {Control} of {Soft} {Robotics}},
	volume = {4},
	issn = {2662-4087},
	url = {https://doi.org/10.1007/s43154-023-00099-8},
	language = {en},
	number = {2},
	urldate = {2023-08-29},
	journal = {Current Robotics Reports},
	author = {Shi, Lu and Liu, Zhichao and Karydis, Konstantinos},
	month = jun,
	year = {2023},
	keywords = {Soft robots, Koopman operator, Data-driven control, Model identification},
	pages = {23--31},
}

@article{haggerty2023control,
  title={Control of soft robots with inertial dynamics},
  author={Haggerty, David A and Banks, Michael J and Kamenar, Ervin and Cao, Alan B and Curtis, Patrick C and Mezi{\'c}, Igor and Hawkes, Elliot W},
  journal={Science Robotics},
  volume={8},
  number={81},
  pages={eadd6864},
  year={2023},
  publisher={American Association for the Advancement of Science}
}

@article{bruder2021koopman,
  title={Koopman-based control of a soft continuum manipulator under variable loading conditions},
  author={Bruder, Daniel and Fu, Xun and Gillespie, R Brent and Remy, C David and Vasudevan, Ram},
  journal=IEEE_J_RAL,
  volume={6},
  number={4},
  pages={6852--6859},
  year={2021},
  publisher={IEEE}
}
