@article{brunton2020machine,
  title={Machine learning for fluid mechanics},
  author={Brunton, Steven L and Noack, Bernd R and Koumoutsakos, Petros},
  journal={Annual Review of Fluid Mechanics},
  volume={52},
  pages={477--508},
  year={2020},
  publisher={Annual Reviews}
}

@article{duraisamy2019turbulence,
  title={Turbulence modeling in the age of data},
  author={Duraisamy, Karthik and Iaccarino, Gianluca and Xiao, Heng},
  journal={Annual Review of Fluid Mechanics},
  volume={51},
  pages={357--377},
  year={2019},
  publisher={Annual Reviews}
}

@article{lee2019data,
  title={Data-driven prediction of unsteady flow over a circular cylinder using deep learning},
  author={Lee, Sangseung and You, Donghyun},
  journal={Journal of Fluid Mechanics},
  volume={879},
  pages={217--254},
  year={2019},
  publisher={Cambridge University Press}
}

@article{fukami2019super,
  title={Super-resolution reconstruction of turbulent flows with machine learning},
  author={Fukami, Kai and Fukagata, Koji and Taira, Kunihiko},
  journal={Journal of Fluid Mechanics},
  volume={870},
  pages={106--120},
  year={2019},
  publisher={Cambridge University Press}
}

@article{liu2020deep,
  title={Deep learning methods for super-resolution reconstruction of turbulent flows},
  author={Liu, Bo and Tang, Jiupeng and Huang, Haibo and Lu, Xi-Yun},
  journal={Physics of Fluids},
  volume={32},
  number={2},
  pages={025105},
  year={2020},
  publisher={AIP Publishing LLC}
}

@article{gamahara2017searching,
  title={Searching for turbulence models by artificial neural network},
  author={Gamahara, Masataka and Hattori, Yuji},
  journal={Physical Review Fluids},
  volume={2},
  number={5},
  pages={054604},
  year={2017},
  publisher={APS}
}

@article{weatheritt2016novel,
  title={A novel evolutionary algorithm applied to algebraic modifications of the RANS stress--strain relationship},
  author={Weatheritt, Jack and Sandberg, Richard},
  journal={Journal of Computational Physics},
  volume={325},
  pages={22--37},
  year={2016},
  publisher={Elsevier}
}

@article{font2021deep,
  title={Deep learning of the spanwise-averaged Navier--Stokes equations},
  author={Font, Bernat and Weymouth, Gabriel D and Nguyen, Vinh-Tan and Tutty, Owen R},
  journal={Journal of Computational Physics},
  volume={434},
  pages={110199},
  year={2021},
  publisher={Elsevier}
}
