J. F ̈urnkranz and E. H ̈ullermeier, “Preference learning and ranking by
pairwise comparison,” in Preference learning. Springer, 2010, pp.
65–82.

P. Kingston and M. Egerstedt, “Comparing apples and oranges through
partial orders: An empirical approach,” in 2009 American Control
Conference, Jun. 2009, pp. 5434–5439