%% LfD demonstration

@inproceedings{russell1998learning,
  title={Learning agents for uncertain environments},
  author={Russell, Stuart},
  booktitle=COLT,
  pages={101--103},
  year={1998}
}

@inproceedings{atkeson1997robot,
  title={Robot learning from demonstration},
  author={Atkeson, Christopher G and Schaal, Stefan},
  booktitle=ICML,
  volume={97},
  pages={12--20},
  year={1997}
}


@inproceedings{ng2000algorithms,
  title={Algorithms for inverse reinforcement learning.},
  author={Ng, Andrew Y and Russell, Stuart J},
  booktitle=ICML,
  volume=1,
  pages=2,
  notes={MDP setting, maximum margin (but with L1 regularization), LP algorithm, introduces R as a linear function of features},
  year=2000
}

@inproceedings{abbeel2004apprenticeship,
  title={Apprenticeship learning via inverse reinforcement learning},
  author={Abbeel, Pieter and Ng, Andrew Y},
  booktitle=ICML,
  notes={Similar to ng2000, but uses L2 normalization, empirical feature counts},
  pages=1,
  year=2004
}

@inproceedings{ziebart2008maximum,
  title={Maximum entropy inverse reinforcement learning},
  author={Ziebart, Brian D and Maas, Andrew L and Bagnell, J Andrew and Dey, Anind K and others},
  booktitle=AAAI_NCAI,
  notes={MaxEnt principle, interesting theorem showing that derivative of rewards parameters can be computed from visiting probabilities, introduces feature matching},
  volume=8,
  pages={1433--1438},
  year=2008,
}

%Surveys

@article{arora2021survey,
  title={A survey of inverse reinforcement learning: Challenges, methods and progress},
  author={Arora, Saurabh and Doshi, Prashant},
  journal={Artificial Intelligence},
  pages={103500},
  year={2021},
  publisher={Elsevier}
}

@article{argall2009survey,
  title={A survey of robot learning from demonstration},
  author={Argall, Brenna D and Chernova, Sonia and Veloso, Manuela and Browning, Brett},
  journal={Robotics and autonomous systems},
  volume={57},
  number={5},
  pages={469--483},
  year={2009},
  publisher={Elsevier}
}

% Applications
@article{choi2017inverse,
  title={Inverse reinforcement learning control for trajectory tracking of a multirotor UAV},
  author={Choi, Seungwon and Kim, Suseong and Kim, H Jin},
  journal={International Journal of Control, Automation and Systems},
  volume={15},
  number={4},
  pages={1826--1834},
  year={2017},
  publisher={Springer}
}

@article{abbeel2006application,
  title={An application of reinforcement learning to aerobatic helicopter flight},
  author={Abbeel, Pieter and Coates, Adam and Quigley, Morgan and Ng, Andrew},
  journal={Advances in neural information processing systems},
  volume={19},
  year={2006}
}

@article{kretzschmar2016socially,
  title={Socially compliant mobile robot navigation via inverse reinforcement learning},
  author={Kretzschmar, Henrik and Spies, Markus and Sprunk, Christoph and Burgard, Wolfram},
  journal=IJRR,
  volume=35,
  number=11,
  pages={1289--1307},
  year=2016,
  }

@inproceedings{ratliff2006maximum,
  title={Maximum margin planning},
  author={Ratliff, Nathan D and Bagnell, J Andrew and Zinkevich, Martin A},
  booktitle=ICML,
  pages={729--736},
  year={2006},
  notes={Shows how to use A*/policy iteration to solve max-margin QP, theoretical guarantees}
}


@inproceedings{ollis2007bayesian,
  title={A bayesian approach to imitation learning for robot navigation},
  author={Ollis, Mark and Huang, Wesley H and Happold, Michael},
  booktitle=IEEE_C_IROS,
  pages={709--714},
  year={2007},
  organization={IEEE}
}

%Deep models
@article{wulfmeier2015deep,
  title={Deep inverse reinforcement learning},
  author={Wulfmeier, Markus and Ondruska, Peter and Posner, Ingmar},
  journal={CoRR, abs/1507.04888},
  year={2015}
}


@article{you2019advanced,
  title={Advanced planning for autonomous vehicles using reinforcement learning and deep inverse reinforcement learning},
  author={You, Changxi and Lu, Jianbo and Filev, Dimitar and Tsiotras, Panagiotis},
  journal={Robotics and Autonomous Systems},
  volume={114},
  pages={1--18},
  year={2019},
  publisher={Elsevier}
}

@article{levine2016end,
  title={End-to-end training of deep visuomotor policies},
  author={Levine, Sergey and Finn, Chelsea and Darrell, Trevor and Abbeel, Pieter},
  journal=JMLR,
  volume={17},
  number={1},
  pages={1334--1373},
  year={2016},
}

@article{rozo2013robot,
  title={A robot learning from demonstration framework to perform force-based manipulation tasks},
  author={Rozo, Leonel and Jim{\'e}nez, Pablo and Torras, Carme},
  journal={Intelligent service robotics},
  volume={6},
  number={1},
  pages={33--51},
  year={2013},
  publisher={Springer}
}

@inproceedings{gu2017deep,
  title={Deep reinforcement learning for robotic manipulation with asynchronous off-policy updates},
  author={Gu, Shixiang and Holly, Ethan and Lillicrap, Timothy and Levine, Sergey},
  booktitle=IEEE_C_ICRA,
  pages={3389--3396},
  year={2017},
}

@article{calinon2010learning,
  title={Learning and reproduction of gestures by imitation},
  author={Calinon, Sylvain and D'halluin, Florent and Sauser, Eric L and Caldwell, Darwin G and Billard, Aude G},
  journal={IEEE Robotics \& Automation Magazine},
  volume={17},
  number={2},
  pages={44--54},
  year={2010},
  publisher={IEEE}
}
