@inproceedings{weston2003kernel,
  title={Kernel dependency estimation},
  author={Weston, Jason and Chapelle, Olivier and Vapnik, Vladimir and Elisseeff, Andr{\'e} and Sch{\"o}lkopf, Bernhard},
  booktitle={NIPS},
  pages={897--904},
  year={2003}
}

@inproceedings{rasmussen2003gaussian,
  title={Gaussian processes in machine learning},
  author={Rasmussen, Carl Edward},
  booktitle={Summer School on Machine Learning},
  pages={63--71},
  year={2003},
  organization={Springer}
}

@article{bo2010twin,
  title={Twin gaussian processes for structured prediction},
  author={Bo, Liefeng and Sminchisescu, Cristian},
  journal={IJCV},
  volume={87},
  number={1-2},
  pages={28},
  year={2010},
  publisher={Springer}
}

@article{bergstra2012random,
  title={Random search for hyper-parameter optimization},
  author={Bergstra, James and Bengio, Yoshua},
  journal=JMLR,
  volume={13},
  number={1},
  pages={281--305},
  year={2012},
}

@article{krause2008near,
  title={Near-optimal sensor placements in Gaussian processes: Theory, efficient algorithms and empirical studies},
  author={Krause, Andreas and Singh, Ajit and Guestrin, Carlos},
  journal=JMLR,
  volume={9},
  pages={235--284},
  year={2008}
}

@article{alvarez2011kernels,
  title={Kernels for vector-valued functions: A review},
  author={Alvarez, Mauricio A and Rosasco, Lorenzo and Lawrence, Neil D},
  journal={arXiv preprint arXiv:1106.6251},
  year={2011},
  annote={Tutorial, regularization vs embedding views, multi-output regularization methods}
}

@article{o2006bayesian,
  title={Bayesian analysis of computer code outputs: A tutorial},
  author={Oâ€™Hagan, Anthony},
  journal={Reliability Engineering \& System Safety},
  volume={91},
  number={10-11},
  pages={1290--1300},
  year={2006},
  publisher={Elsevier},
  annote={Applications to emulation}
}

@article{solak2003derivative,
  title={Derivative observations in Gaussian process models of dynamic systems},
  author={Solak, Ercan and Murray-Smith, Roderick and Leithead, William E and Leith, Douglas J and Rasmussen, Carl Edward},
  year={2003},
  publisher={MIT Press}
}

% Kernel density estimation
@article{chen2017tutorial,
  title={A tutorial on kernel density estimation and recent advances},
  author={Chen, Yen-Chi},
  journal={Biostatistics \& Epidemiology},
  volume={1},
  number={1},
  pages={161--187},
  year={2017},
  publisher={Taylor \& Francis}
}
