% probabilistic
@inproceedings{bowman2017probabilistic,
  title={Probabilistic data association for semantic slam},
  author={Bowman, Sean L and Atanasov, Nikolay and Daniilidis, Kostas and Pappas, George J},
  booktitle=IEEE_C_ICRA,
  pages={1722--1729},
  year={2017},
}

@inproceedings{atanasov2014semantic,
  title={Semantic Localization Via the Matrix Permanent},
  author={Atanasov, Nikolay and Zhu, Menglong and Daniilidis, Kostas and Pappas, George J},
  booktitle=RSS,
  volume={2},
  pages={1--10},
  year={2014}
}

@article{atanasov2016localization,
  title={Localization from semantic observations via the matrix permanent},
  author={Atanasov, Nikolay and Zhu, Menglong and Daniilidis, Kostas and Pappas, George J},
  journal=IJCV,
  volume={35},
  number={1-3},
  pages={73--99},
  year={2016},
  publisher={SAGE Publications Sage UK: London, England}
}

@inproceedings{atanasov2018unifying,
  title={A Unifying View of Geometry, Semantics, and Data Association in SLAM.},
  author={Atanasov, Nikolay and Bowman, Sean L and Daniilidis, Kostas and Pappas, George J},
  booktitle={IJCAI},
  pages={5204--5208},
  year={2018}
}

@inproceedings{michael2022probabilistic,
  title={Probabilistic data association for semantic {SLAM} at scale},
  author={Michael, Elad and Summers, Tyler and Wood, Tony A and Manzie, Chris and Shames, Iman},
  booktitle={2022 IEEE/RSJ International Conference on Intelligent Robots and Systems (IROS)},
  pages={4359--4364},
  year={2022},
  organization={IEEE}
}

% cycle consistency
@inproceedings{lusk2021clipper,
  title={{CLIPPER}: A graph-theoretic framework for robust data association},
  author={Lusk, Parker C and Fathian, Kaveh and How, Jonathan P},
  booktitle={2021 IEEE International Conference on Robotics and Automation (ICRA)},
  pages={13828--13834},
  year={2021},
  organization={IEEE}
}

@inproceedings{mangelson2018pairwise,
  title={Pairwise consistent measurement set maximization for robust multi-robot map merging},
  author={Mangelson, Joshua G and Dominic, Derrick and Eustice, Ryan M and Vasudevan, Ram},
  booktitle=IEEE_C_ICRA,
  pages={2916--2923},
  year={2018},
  organization={IEEE}
}

@inproceedings{bernard2019hippi,
  title={Hippi: Higher-order projected power iterations for scalable multi-matching},
  author={Bernard, Florian and Thunberg, Johan and Swoboda, Paul and Theobalt, Christian},
  booktitle=IEEE_C_ICCV,
  pages={10284--10293},
  year={2019}
}
