@article{mayne2000constrained,
  title={Constrained model predictive control: Stability and optimality},
  author={Mayne, David Q and Rawlings, James B and Rao, Christopher V and Scokaert, Pierre OM},
  journal={Automatica},
  volume={36},
  number={6},
  pages={789--814},
  year={2000},
  publisher={Elsevier}
}

@book{allgower2012nonlinear,
  title={Nonlinear model predictive control},
  author={Allg{\"o}wer, Frank and Zheng, Alex},
  volume={26},
  year={2012},
  publisher={Birkh{\"a}user}
}

@article{garcia1989model,
  title={Model predictive control: theory and practice -- a survey},
  author={Garcia, Carlos E and Prett, David M and Morari, Manfred},
  journal={Automatica},
  volume={25},
  number={3},
  pages={335--348},
  year={1989},
  publisher={Elsevier}
}
