% topology

@article{poucet1993spatial,
  title={Spatial cognitive maps in animals: new hypotheses on their structure and neural mechanisms.},
  author={Poucet, Bruno},
  journal={Psychological review},
  volume={100},
  number={2},
  pages={163},
  year={1993},
  publisher={American Psychological Association},
  annote={children first represent space topologically and only later learn to incorporate metrical details into their mental representations of space}
}

@article{dabaghian2014reconceiving,
  title={Reconceiving the hippocampal map as a topological template},
  author={Dabaghian, Yuri and Brandt, Vicky L and Frank, Loren M},
  journal={Elife},
  volume={3},
  pages={e03476},
  year={2014},
  publisher={eLife Sciences Publications, Ltd}
}
