@book{kandel2000principles,
  title={Principles of neural science},
  author={Kandel, Eric R and Schwartz, James H and Jessell, Thomas M and Siegelbaum, Steven and Hudspeth, A James and Mack, Sarah},
  volume={4},
  year={2000},
  publisher={McGraw-hill New York}
}

@article{balasubramanian2021brain,
  title={Brain power},
  author={Balasubramanian, Vijay},
  journal={Proceedings of the National Academy of Sciences},
  volume={118},
  number={32},
  pages={e2107022118},
  year={2021},
  note={brains requires ~20W, 17W for communication and 3W for actual computation, of which 9W are lost to heat}
}
@article{dabaghian2012topological,
  title={A topological paradigm for hippocampal spatial map formation using persistent homology},
  author={Dabaghian, Yuri and M{\'e}moli, Facundo and Frank, Loren and Carlsson, Gunnar},
  year={2012},
  publisher={Public Library of Science San Francisco, USA}
}
@article{moser2008place,
  title={Place cells, grid cells, and the brain's spatial representation system},
  author={Moser, Edvard I and Kropff, Emilio and Moser, May-Britt and others},
  journal={Annual review of neuroscience},
  volume={31},
  number={1},
  pages={69--89},
  year={2008}
}

@article{lavenex1998olfactory,
  title={Olfactory traces and spatial learning in rats},
  author={Lavenex, P and Schenk, F},
  journal={Animal Behaviour},
  volume={56},
  number={5},
  pages={1129--1136},
  year={1998},
  publisher={Elsevier},
  annote={Shows that rats can use olfactory cues for localization}
}

@article{morris1981spatial,
  title={Spatial localization does not require the presence of local cues},
  author={Morris, Richard GM},
  journal={Learning and motivation},
  volume={12},
  number={2},
  pages={239--260},
  year={1981},
  publisher={Elsevier},
  annote={Proposes water maze. First paper to show that rats can use distal cues alone for localization}
}

@article{lai2022action,
  title={Action chunking as policy compression},
  author={Lai, Lucy and Huang, Ann Zixiang and Gershman, Samuel J},
  year={2022},
  publisher={PsyArXiv},
  annote={Applies the concept of policy compression - the reduction in cognitive cost by making
policies simpler. Result of trade-off between reward and policy complexity}
}
