@inproceedings{gonzalez2017comparative,
  title={Comparative study of trajectories resulted from cell decomposition path planning approaches},
  author={Gonzalez, Ramon and Kloetzer, Marius and Mahulea, Cristian},
  booktitle={International Conference on System Theory, Control and Computing},
  pages={49--54},
  year={2017},
  organization={IEEE}
}

@article{rimon1992exact,
  title={Exact robot navigation using artificial potential functions},
  author={Rimon, E and Koditschek, DE},
  journal=IEEE_J_RA,
  volume={8},
  number={5},
  pages={501--518},
  year={1992},
  publisher={IEEE}
}

@incollection{khatib1986real,
  title={Real-time obstacle avoidance for manipulators and mobile robots},
  author={Khatib, Oussama},
  booktitle={Autonomous robot vehicles},
  pages={396--404},
  year={1986},
  publisher={Springer},
  notes={original paper}
}

@article{barraquand1991robot,
  title={Robot motion planning: A distributed representation approach},
  author={Barraquand, Jerome and Latombe, Jean-Claude},
  journal=IJRR,
  volume={10},
  number={6},
  pages={628--649},
  year={1991},
  publisher={Sage Publications Sage CA: Thousand Oaks, CA}
}

@article{barraquand1992numerical,
  title={Numerical potential field techniques for robot path planning},
  author={Barraquand, Jerome and Langlois, Bruno and Latombe, J-C},
  journal=IEEE_J_SMC,
  volume={22},
  number={2},
  pages={224--241},
  year={1992},
  publisher={IEEE}
}

@inproceedings{krogh1984generalized,
  title={A generalized potential field approach to obstacle avoidance control},
  author={Krogh, Bruce},
  booktitle={SME Conference on Robotics Research},
  pages={11--22},
  year={1984}
}

% books
@book{lavalle2006planning,
  title={Planning algorithms},
  author={LaValle, Steven M},
  year={2006},
  publisher={Cambridge university press}
}

@book{Choset:book05,
  title={Principles of robot motion: theory, algorithms, and implementation},
  author={H. M. Choset and K. M. Lynch and S. Hutchinson and G. Kantor and W. Burgard and L. Kavraki and S. Thrun},
  year=2005,
  publisher={MIT press}
}

@inproceedings{Karaman:ICRA11,
  title={Anytime motion planning using the {RRT*}},
  author={S. Karaman and M. R. Walter and A. Perez and E. Frazzoli and S. Teller},
  booktitle=IEEE_C_ICRA,
  pages={1478--1483},
  year={2011},
}

@article{Lavalle:IJRR01,
  title={Randomized kinodynamic planning},
  author={LaValle, Steven M and Kuffner, James J},
  journal=IJRR,
  volume={20},
  number={5},
  pages={378--400},
  year={2001},
  publisher={SAGE Publications}
}

@article{guibas1999visibility,
  title={A visibility-based pursuit-evasion problem},
  author={Guibas, Leonidas J and Latombe, Jean-Claude and LaValle, Steven M and Lin, David and Motwani, Rajeev},
  journal={International Journal of Computational Geometry \& Applications},
  volume={9},
  pages={471--493},
  year={1999},
  publisher={World Scientific}
}

@incollection{dijkstra2022note,
  title={A note on two problems in connexion with graphs},
  author={Dijkstra, Edsger W},
  booktitle={Edsger Wybe Dijkstra: His Life, Work, and Legacy},
  pages={287--290},
  year={2022},
  annote={Reference for Dijkstra's algorithm}
}

@article{hart1968formal,
  title={A formal basis for the heuristic determination of minimum cost paths},
  author={Hart, Peter E and Nilsson, Nils J and Raphael, Bertram},
  journal=IEEE_J_SSC,
  volume={4},
  number={2},
  pages={100--107},
  year={1968},
  publisher={IEEE}
}

% sampling-based methods

@article{Lavalle:IJRR01,
  title={Randomized kinodynamic planning},
  author={LaValle, Steven M and Kuffner, James J},
  journal=IJRR,
  volume={20},
  number={5},
  pages={378--400},
  year={2001},
  publisher={SAGE Publications}
}


@article{karaman2011sampling,
  title={Sampling-based algorithms for optimal motion planning},
  author={Karaman, Sertac and Frazzoli, Emilio},
  journal=IJRR,
  volume={30},
  number={7},
  pages={846--894},
  year={2011},
  publisher={Sage Publications Sage UK: London, England}
}

@inproceedings{Karaman:ICRA11,
  title={Anytime motion planning using the {RRT*}},
  author={S. Karaman and M. R. Walter and A. Perez and E. Frazzoli and S. Teller},
  booktitle=IEEE_C_ICRA,
  pages={1478--1483},
  year={2011},
}


@article{kavraki1996probabilistic,
  title={Probabilistic roadmaps for path planning in high-dimensional configuration spaces},
  author={Kavraki, Lydia E and Svestka, Petr and Latombe, J-C and Overmars, Mark H},
  journal=IEEE_J_RA,
  volume={12},
  number={4},
  pages={566--580},
  year={1996},
  publisher={IEEE}
}

@inproceedings{lingelbach2004path,
  title={Path planning using probabilistic cell decomposition},
  author={Lingelbach, Frank},
  booktitle=IEEE_C_ICRA,
  volume={1},
  pages={467--472},
  year={2004},
  organization={IEEE}
}

@inproceedings{ferguson2006replanning,
  title={Replanning with {RRTs}},
  author={Ferguson, Dave and Kalra, Nidhi and Stentz, Anthony},
  booktitle=IEEE_C_ICRA,
  pages={1243--1248},
  year={2006},
}

@article{otte2016rrtx,
  title={{RRTX}: Asymptotically optimal single-query sampling-based motion planning with quick replanning},
  author={Otte, Michael and Frazzoli, Emilio},
  journal=IJRR,
  volume={35},
  number={7},
  pages={797--822},
  year={2016},
  publisher={SAGE Publications Sage UK: London, England}
}

% sampling with control
@inproceedings{arslan2017sampling,
  title={Sampling-based algorithms for optimal motion planning using closed-loop prediction},
  author={Arslan, Oktay and Berntorp, Karl and Tsiotras, Panagiotis},
  booktitle=IEEE_C_ICRA,
  pages={4991--4996},
  year={2017},
  organization={IEEE}
}

@inproceedings{weiss2017motion,
  title={Motion planning with invariant set trees},
  author={Weiss, Avishai and Danielson, Claus and Berntorp, Karl and Kolmanovsky, Ilya and Di Cairano, Stefano},
  booktitle={IEEE Conference on Control Technology and Applications},
  pages={1625--1630},
  year={2017},
}

@article{tedrake2009lqr,
  title={{LQR}-Trees: Feedback motion planning on sparse randomized trees},
  author={Tedrake, Russ},
  year={2009},
  publisher={MIT Press},
  journal={MIT Press}
}

@inproceedings{kuwata2008motion,
  title={Motion planning in complex environments using closed-loop prediction},
  author={Kuwata, Yoshiaki and Teo, Justin and Karaman, Sertac and Fiore, Gaston and Frazzoli, Emilio and How, Jonathan},
  booktitle={AIAA Guidance, Navigation and Control Conference and Exhibit},
  pages={7166},
  year={2008}
}

% Temporal logic
@InProceedings{jones2019scratchs,
  author =       {Austin M. Jones and Kevin Leahy and Cristian Vasile and Sadra Sadraddini and Zachary Serlin and Roberto Tron and Calin Belta},
  title =        {{ScRATCHS}: Scalable and Robust Algorithms for Task-based Coordination from High-level Specifications
},
  booktitle = ISSR,
  year = 2019,
}

@inproceedings{vasile2014reactive,
  title={Reactive sampling-based temporal logic path planning},
  author={Vasile, Cristian Ioan and Belta, Calin},
  booktitle=IEEE_C_ICRA,
  pages={4310--4315},
  year={2014},
}

@inproceedings{gammell2014informed,
  title={Informed {RRT*}: Optimal sampling-based path planning focused via direct sampling of an admissible ellipsoidal heuristic},
  author={Gammell, Jonathan D and Srinivasa, Siddhartha S and Barfoot, Timothy D},
  booktitle=IEEE_C_IROS,
  pages={2997--3004},
  year={2014},
  organization={IEEE}
}

@article{kloetzer2008fully,
  title={A fully automated framework for control of linear systems from temporal logic specifications},
  author={Kloetzer, Marius and Belta, Calin},
  journal=IEEE_J_AC,
  volume={53},
  number={1},
  pages={287--297},
  year={2008},
  publisher={IEEE},
  annote={Linear predicates to get words, triangulates to get partition, design controllers on partitions, introduces discrete state for LTL spec using Buchi automaton}
}

% splines

@article{egerstedt2001optimal,
  title={Optimal trajectory planning and smoothing splines},
  author={Egerstedt, Magnus and Martin, Clyde F},
  journal={Automatica},
  volume={37},
  number={7},
  pages={1057--1064},
  year={2001},
  publisher={Elsevier},
  annote={Define optimal smoothing spline problem (i.e., not perfectly interpolating), parametrizes in terms of functions with matrix exponential, considers also interval constraints.}
}

@article{mavcek2006motion,
  title={Motion planning in the presence of moving obstacles using {RRT} search and b-splines},
  author={Ma{\v{c}}ek, Kristijan and Siegwart, Roland},
  journal={IFAC Proceedings Volumes},
  volume={39},
  number={15},
  pages={647--652},
  year={2006},
  publisher={Elsevier}
}

@article{liu2017planning,
  title={Planning dynamically feasible trajectories for quadrotors using safe flight corridors in 3-d complex environments},
  author={Liu, Sikang and Watterson, Michael and Mohta, Kartik and Sun, Ke and Bhattacharya, Subhrajit and Taylor, Camillo J and Kumar, Vijay},
  journal=IEEE_J_RAL,
  volume={2},
  number={3},
  pages={1688--1695},
  year={2017},
  annote={Uses overlapping polytopes}
}

@inproceedings{gao2018optimal,
  title={Optimal time allocation for quadrotor trajectory generation},
  author={Gao, Fei and Wu, William and Pan, Jie and Zhou, Boyu and Shen, Shaojie},
  booktitle={2018 IEEE/RSJ International Conference on Intelligent Robots and Systems (IROS)},
  pages={4715--4722},
  year={2018},
  organization={IEEE},
  annote={Check refs [14],[15], [7]. Splits spatial and temporal planning. For spatial planning, uses convex polytope property. For temporal planning, discretizes arc-length to time map, shows that cost can be written as SOCP.}
}

@article{pfeiffer1987concept,
  title={A concept for manipulator trajectory planning},
  author={Pfeiffer, Friedrich and Johanni, Rainer},
  journal={IEEE Journal on Robotics and Automation},
  volume={3},
  number={2},
  pages={115--123},
  year={1987},
  publisher={IEEE}
}

@inproceedings{zhu2015convex,
  title={A convex optimization approach to smooth trajectories for motion planning with car-like robots},
  author={Zhu, Zhijie and Schmerling, Edward and Pavone, Marco},
  booktitle=IEEE_C_CDC,
  pages={835--842},
  year={2015},
  organization={IEEE},
  annote={Indirect method (splits space and time). Uses spheres instead of polytopes (incurs approximation). Check [26] for time optimization.}
}

% using learning for prediction
@inproceedings{stein2018learning,
  title={Learning over subgoals for efficient navigation of structured, unknown environments},
  author={Stein, Gregory J and Bradley, Christopher and Roy, Nicholas},
  booktitle=CORL,
  pages={213--222},
  year={2018},
  organization={PMLR}
}

@inproceedings{ramakrishnan2022poni,
  title={{PONI}: Potential functions for objectgoal navigation with interaction-free learning},
  author={Ramakrishnan, Santhosh Kumar and Chaplot, Devendra Singh and Al-Halah, Ziad and Malik, Jitendra and Grauman, Kristen},
  booktitle=IEEE_C_CVPR,
  pages={18890--18900},
  year={2022}
}

@inproceedings{li2023lightweight,
  title={Lightweight neural path planning},
  author={Li, Jinsong and Wang, Shaochen and Chen, Ziyang and Kan, Zhen and Yu, Jun},
  booktitle=IEEE_C_IROS,
  pages={6713--6718},
  year={2023},
  organization={IEEE}
}


% frontier exploration

@INPROCEEDINGS{shresta2019learned,
  author={Shrestha, Rakesh and Tian, Fei-Peng and Feng, Wei and Tan, Ping and Vaughan, Richard},
  booktitle=IEEE_C_ICRA,
  title={Learned Map Prediction for Enhanced Mobile Robot Exploration},
  volume={},
  number={},
  pages={1197-1204},
    year={2019}
}
@INPROCEEDINGS{umari2017autonomous,
  author={Umari, Hassan and Mukhopadhyay, Shayok},
  booktitle=IEEE_C_IROS,
  title={Autonomous robotic exploration based on multiple rapidly-exploring randomized trees},
  year={2017},
  volume={},
  number={},
  pages={1396-1402}
}

% polygonal decomposition

@article{belta2005discrete,
  title={Discrete abstractions for robot motion planning and control in polygonal environments},
  author={Belta, Calin and Isler, Volkan and Pappas, George J},
  journal=IEEE_J_RA,
  volume={21},
  number={5},
  pages={864--874},
  year={2005},
  publisher={IEEE}
}

@inproceedings{yan2008mobile,
  title={Mobile robot navigation in the triangulation of dynamic environment},
  author={Yan, Hongyang and Wang, Huifang and Chen, Yangzhou and Dai, Guiping},
  booktitle={International Conference on Information and Automation},
  pages={776--783},
  year={2008},
  organization={IEEE}
}

@inproceedings{girard2008motion,
  title={Motion planning for nonlinear systems using hybridizations and robust controllers on simplices},
  author={Girard, Antoine and Martin, Samuel},
  booktitle=IEEE_C_CDC,
  pages={239--244},
  year={2008},
  organization={IEEE}
}

@inproceedings{conner2003composition,
  title={Composition of local potential functions for global robot control and navigation},
  author={Conner, David C and Rizzi, Alfred A and Choset, Howie},
  booktitle=IEEE_C_IROS,
  volume={4},
  pages={3546--3551},
  year={2003},
  organization={IEEE}
}

% Information gathering
@article{lan2016rapidly,
  title={Rapidly exploring random cycles: Persistent estimation of spatiotemporal fields with multiple sensing robots},
  author={Lan, Xiaodong and Schwager, Mac},
  journal=IEEE_J_RA,
  volume={32},
  number={5},
  pages={1230--1244},
  year={2016},
  publisher={IEEE}
}

@inproceedings{hollinger2013sampling,
  title={Sampling-based Motion Planning for Robotic Information Gathering.},
  author={Hollinger, Geoffrey A and Sukhatme, Gaurav S},
  booktitle=RSS,
  volume={3},
  number={5},
  pages={1--8},
  year={2013}
}
