@article{ono2015chance,
  title={Chance-constrained dynamic programming with application to risk-aware robotic space exploration},
  author={Ono, Masahiro and Pavone, Marco and Kuwata, Yoshiaki and Balaram, J},
  journal=AR,
  volume={39},
  number={4},
  pages={555--571},
  year={2015},
  publisher={Springer}
}

@inproceedings{moldovan2012safe,
  title={Safe Exploration in Markov Decision Processes},
  author={Moldovan, Teodor Mihai and Abbeel, Pieter},
  booktitle=ICML,
  note={MDP solution with probability of existance of return path during exploration always high enough},
  year={2012}
}

@article{chow2015trading,
  title={Trading safety versus performance: Rapid deployment of robotic swarms with robust performance constraints},
  author={Chow, Yin-Lam and Pavone, Marco and Sadler, Brian M and Carpin, Stefano},
  journal={Journal of Dynamic Systems, Measurement, and Control},
  volume={137},
  number={3},
  year={2015},
  publisher={American Society of Mechanical Engineers Digital Collection}
}
