@article{qureshi2020motion,
  title={Motion planning networks: Bridging the gap between learning-based and classical motion planners},
  author={Qureshi, Ahmed Hussain and Miao, Yinglong and Simeonov, Anthony and Yip, Michael C},
  journal={IEEE Transactions on Robotics},
  volume={37},
  number={1},
  pages={48--66},
  year={2020},
  publisher={IEEE}
}

@inproceedings{everett2019planning,
  title={Planning beyond the sensing horizon using a learned context},
  author={Everett, Michael and Miller, Justin and How, Jonathan P},
  booktitle=IEEE_C_IROS,
  pages={1064--1071},
  year={2019},
  organization={IEEE}
}
