@inproceedings{sun2021idol,
  title={{IDOL}: Inertial deep orientation-estimation and localization},
  author={Sun, Scott and Melamed, Dennis and Kitani, Kris},
  booktitle={Proceedings of the AAAI Conference on Artificial Intelligence},
  volume={35},
  number={7},
  pages={6128--6137},
  year={2021}
}

@article{brossard2020denoising,
  title={Denoising imu gyroscopes with deep learning for open-loop attitude estimation},
  author={Brossard, Martin and Bonnabel, Silvere and Barrau, Axel},
  journal={IEEE Robotics and Automation Letters},
  volume={5},
  number={3},
  pages={4796--4803},
  year={2020},
  publisher={IEEE}
}
