@ARTICLE{Li:RAL16,
author={Z. Li and V. Isler},
journal={IEEE Robotics and Automation Letters},
title={Large Scale Image Mosaic Construction for Agricultural Applications},
year={2016},
volume={1},
number={1},
pages={295-302},
}

@article{Nex:AG14,
  title={{UAV} for {3D} mapping applications: a review},
  author={Nex, Francesco and Remondino, Fabio},
  journal={Applied Geomatics},
  volume={6},
  number={1},
  pages={1--15},
  year={2014},
  publisher={Springer}
}

@misc{Pixhawk,
 Author = {DroneCode},
 Title = {{PIXHAWK} Project},
 note = {https://pixhawk.org/}
}


@misc{Ardupilot,
 Author = {{ArduPilot} Dev Team},
 Title = {{ArduPilot} Project},
 note = {http://ardupilot.com/}
}

@misc{Openpilot,
 Author = {{LibrePilot/OpenPilot} Community},
 Title = {{OpenPilot} Project},
 note = {http://www.openpilot.org}
}

@misc{DJI,
 Author = {Da-Jiang Innovations Science and Technology Co., Ltd.},
 Title = {DJI},
 note = {http://dji.com/}
}

@misc{AmazonAir,
 Author = {Amazon.com, Inc.},
 Title = {Amazon Prime Air},
 note = {http://www.amazon.com/b?ie=UTF8{\&}node=8037720011}
}

@misc{Flyability,
 Author = {Flyability SA},
 Title = {Gimball},
 note = {http://www.flyability.com}
}

@misc{BBC:SearchRescue,
 Author = {BBC News},
 Title = {Disaster drones: How robot teams can help in a crisis},
 note = {goo.gl/6efliV}
}

@article{Natalizio:TechReport12,
  title={Filming sport events with mobile camera drones: Mathematical modeling and algorithms},
  author={Natalizio, Enrico and Surace, Rosario and Loscri, Valeria and Guerriero, Francesca and Melodia, Tommaso},
  journal={Technical Report},
  year={2012}
}

% Multiagent

@Article{Dimitropoulos:BBC,
  author =       {Stav Dimitropoulos},
  title =        {If one drone isn't enough, try a drone swarm},
  journal =      {BBC News},
  year =         {2021},
  note =      {\url{https://www.bbc.com/news/business-49177704}},
}

@misc{agariupdate,
author={AgAirUpdate},
title={China deploys army of drones to fight locust swarms as farmland ravaged by bugs},
howpublished={\url{https://www.agairupdate.com/china-deploys-army-of-drones-to-fight-locust-swarms-as-farmland-ravaged-by-bugs/}},
note={Accessed: 2021-07-21}
}


@misc{IntelShow,
author={Intel},
title={Intel Drone Light Show and Intel True View Technology Enhance Pepsi Super Bowl {LIII} Halftime Show and Super Bowl {LIII} Viewing Experience},
howpublished={\url{https://newsroom.intel.com/news-releases/intel-drones-true-view-super-bowl-liii/}}
}

@Article{zhouVICEdrones,
  author = {Viola Zhou},
  title =  {Drones Light Up Shanghaiâ€™s Sky With a {QR} Code (That You Can Scan)},
  journal = {{VICE}},
  year = 2021,
  note = {\url{https://www.vice.com/en/article/88n9vb/shanghai-drone-show-qr-code}}
}          