@article{perkins2002lyapunov,
  title={Lyapunov design for safe reinforcement learning},
  author={Perkins, Theodore J and Barto, Andrew G},
  journal={Journal of Machine Learning Research},
  volume={3},
  number={Dec},
  pages={803--832},
  year={2002}
}

@inproceedings{berkenkamp2017safe,
  title={Safe Model-based Reinforcement Learning with Stability Guarantees},
  author={Berkenkamp, Felix and Turchetta, Matteo and Schoellig, Angela P and Krause, Andreas},
  booktitle={NIPS},
  year={2017}
}
