@article{della2021model,
  title={Model based control of soft robots: A survey of the state of the art and open challenges},
  author={Della Santina, Cosimo and Duriez, Christian and Rus, Daniela},
  journal={arXiv preprint arXiv:2110.01358},
  year={2021}
}


@article{renda2017screw,
  title={Screw-based modeling of soft manipulators with tendon and fluidic actuation},
  author={Renda, Federico and Cianchetti, Matteo and Abidi, Haider and Dias, Jorge and Seneviratne, Lakmal},
  journal={Journal of Mechanisms and Robotics},
  volume={9},
  number={4},
  year={2017},
  publisher={American Society of Mechanical Engineers Digital Collection}
}

@article{della2017controlling,
  title={Controlling soft robots: balancing feedback and feedforward elements},
  author={Della Santina, Cosimo and Bianchi, Matteo and Grioli, Giorgio and Angelini, Franco and Catalano, Manuel and Garabini, Manolo and Bicchi, Antonio},
  journal=IEEE_M_RA,
  volume={24},
  number={3},
  pages={75--83},
  year={2017},
  publisher={IEEE}
}
