@article{vella2022individual,
  title={Individual and Team Trust Preferences for Robotic Swarm Behaviors},
  author={Vella, Elena M and Williams, Daniel A and Chapman, Airlie and Manzie, Chris},
  journal={arXiv preprint arXiv:2203.14437},
  year=2022,
  annote={Uses pairwise preferences and embedding to in a feature space to cluster partial orderings of people trust in different swarm low-level behavior}
}

@article{lee2004trust,
  title={Trust in automation: Designing for appropriate reliance},
  author={Lee, John D and See, Katrina A},
  journal={Human factors},
  volume=46,
  number=1,
  pages={50--80},
  year=2004,
  publisher={SAGE Publications Sage UK: London, England},
  annote={4k citations. Discusses relation between trust, system capabilities, and context/background of user, and how it can be modified.}
}

@article{lyons2021human,
  title={Human--autonomy teaming: Definitions, debates, and directions},
  author={Lyons, Joseph B and Sycara, Katia and Lewis, Michael and Capiola, August},
  journal={Frontiers in Psychology},
  pages={1932},
  year={2021},
  publisher={Frontiers},
  annote={Difference in automated autopilot (rigid, verified behavior, i.e., automation) vs wingman (more expansive role as a team member, i.e., autonomy). Second depends on social. Analyzes human-teams for clues: Team-Oriented Intent, Agency, Shared Mental Models, Communication, Interdependence.}
}

@inproceedings{sycara2004integrating,
  title={Integrating intelligent agents into human teams },
  author={Sycara, Katia and Lewis, Michael},
  year=2004,
  booktitle={Human Factors and Ergonomics Society Annual Meeting},
  publisher={American Psychological Association},
  annote={three roles of machines in teams: 1) support individuals, 2) team member, 3) support team}
}

@incollection{schaefer2016measuring,
  title={Measuring trust in human robot interactions: Development of the “trust perception scale-HRI”},
  author={Schaefer, Kristin E},
  booktitle={Robust intelligence and trust in autonomous systems},
  pages={191--218},
  year={2016},
  publisher={Springer},
  annote={develops a quantitative, study-supported, scale for trust in robots}
}

@article{nam2019models,
  title={Models of trust in human control of swarms with varied levels of autonomy},
  author={Nam, Changjoo and Walker, Phillip and Li, Huao and Lewis, Michael and Sycara, Katia},
  journal={IEEE Transactions on Human-Machine Systems},
  volume={50},
  number={3},
  pages={194--204},
  year={2019},
  publisher={IEEE},
  annote={Three levels of autonomy, looks to model the trust by the human as an MDP, and learn.}
}

@inproceedings{akash2017dynamic,
  title={Dynamic modeling of trust in human-machine interactions},
  author={Akash, Kumar and Hu, Wan-Lin and Reid, Tahira and Jain, Neera},
  booktitle=IEEE_C_ACC,
  pages={1542--1548},
  year={2017},
  organization={IEEE},
  annote={Dynamics of trust as a third-order linear system}
}
