@article{Bandeira:ArXiv14,
  title={Tightness of the maximum likelihood semidefinite relaxation for angular synchronization},
  author={A. S. Bandeira and N. Boumal and A. Singer},
  journal={arXiv preprint arXiv:1411.3272},
  year={2014}
}

@inproceedings{yang2019quaternion,
  title={A quaternion-based certifiably optimal solution to the {W}ahba problem with outliers},
  author={Yang, Heng and Carlone, Luca},
  booktitle=IEEE_C_ICCV,
  pages={1665--1674},
  year={2019}
}

@inproceedings{li2020robot,
  title={Robot-to-robot relative pose estimation based on semidefinite relaxation optimization},
  author={Li, Ming and Liang, Guanqi and Luo, Haobo and Qian, Huihuan and Lam, Tin Lun},
  booktitle=IEEE_C_IROS,
  pages={4491--4498},
  year={2020},
}

@article{yang2021certifiable,
  title={Certifiable outlier-robust geometric perception: exact semidefinite relaxations and scalable global optimization},
  author={Yang, Heng and Carlone, Luca},
  journal={arXiv preprint arXiv:2109.03349},
  year={2021}
}

@article{yang2020teaser,
  title={{TEASER}: Fast and certifiable point cloud registration},
  author={Yang, Heng and Shi, Jingnan and Carlone, Luca},
  journal=IEEE_J_RA,
  volume={37},
  number={2},
  pages={314--333},
  year={2020},
  publisher={IEEE}
}

@inproceedings{peng2022semidefinite,
  title={Semidefinite Relaxations of {T}runcated {L}east-{S}quares in Robust Rotation Search: Tight or Not},
  author={Peng, Liangzu and Fazlyab, Mahyar and Vidal, Ren{\'e}},
  booktitle=IEEE_C_ECCV,
  year={2022}
}

@inproceedings{peng2022arcs,
  title={{ARCS}: Accurate Rotation and Correspondence Search},
  author={Peng, Liangzu and Tsakiris, Manolis C and Vidal, Ren{\'e}},
  booktitle={Proceedings of the IEEE/CVF Conference on Computer Vision and Pattern Recognition},
  pages={11153--11163},
  year={2022},
  annote={Uses the fact that, under pure rotation, inlier pairs have the same norm before/after transformation. Uses tree structures to speed up search of candidates based on intervals.}
}

@inproceedings{shi2021robin,
  title={{ROBIN}: a graph-theoretic approach to reject outliers in robust estimation using invariants},
  author={Shi, Jingnan and Yang, Heng and Carlone, Luca},
  booktitle=IEEE_C_ICRA,
  pages={13820--13827},
  year={2021},
  organization={IEEE},
  annote={extension of TEASER}
}
