@inproceedings{Bao:CVPR12,
  title={Semantic structure from motion with points, regions, and objects},
  author={S. Y. Bao and M. Bagra and Y.-W. Chao and S. Savarese},
  booktitle=IEEE_C_CVPR,
  pages={2703--2710},
  year={2012},
}

@inproceedings{Bao:CVPR11,
  title={Semantic structure from motion},
  author={S. Y. Bao and S. Savarese},
  booktitle=IEEE_C_CVPR,
  pages={2025--2032},
  year={2011},
}


@inproceedings{Ivanov:MVIGRO15,
  title={Robust Localization Using Context-Aware Filtering},
  author={R. Ivanov and N. Atanasov and M. Pajic and I. Lee and G. Pappas},
  booktitle={Workshop on Multi-View Geometry in Robotics},
  year={2015}
}

@incollection{Fioraio:ICIAP13,
  title={Towards Semantic KinectFusion},
  author={N. Fioraio and G. Cerri and L. Di Stefano},
  booktitle=ICIAP,
  pages={299--308},
  year={2013},
  publisher={Springer}
}

@article{Pillai:ARXIV15,
  title={Monocular {SLAM} Supported Object Recognition},
  author={S. Pillai and J. Leonard},
  journal={arXiv preprint arXiv:1506.01732},
  year={2015}
}

@inproceedings{Concha:ICRA14,
  title={Using superpixels in monocular {SLAM}},
  author={A. Concha and J. Civera},
  booktitle=IEEE_C_ICRA,
  pages={365--372},
  year={2014},
}

@inproceedings{Fioraio:CVPR13,
  title={Joint detection, tracking and mapping by {S}emantic {B}undle {A}djustment},
  author={N. Fioraio and L. Di Stefano},
  booktitle=IEEE_C_CVPR,
  pages={1538--1545},
  year={2013},
}

@inproceedings{Salas:CVPR13,
  title={{SLAM++}: Simultaneous localisation and mapping at the level of objects},
  author={R. F. Salas-Moreno and R. Newcombe and H. Strasdat and P. H. J. Kelly and A. J. Davison},
  booktitle={Computer Vision and Pattern Recognition (CVPR), 2013 IEEE Conference on},
  pages={1352--1359},
  year={2013},
}



@article{Galvez-Lopez:ARXIV15,
  author    = {D. G{\'{a}}lvez{-}L{\'{o}}pez and M. Salas and D. Tard{\'{o}}s and J. M. M. Montiel},
  title     = {Real-time Monocular Object {SLAM}},
  journal   = {ArXiv},
  pages    = {1504.02398},
  year      = {2015},
  url       = {http://arxiv.org/abs/1504.02398},
}


[7] N. Cornelis, B. Leibe, K. Cornelis, and L. Van Gool. 3d urban scene modeling integrating recognition and reconstruction. IJCV, 2008. 2

@inproceedings{rosinol2020kimera,
  title={{Kimera}: an open-source library for real-time metric-semantic localization and mapping},
  author={Rosinol, Antoni and Abate, Marcus and Chang, Yun and Carlone, Luca},
  booktitle=IEEE_C_ICRA,
  pages={1689--1696},
  year={2020},
}

@article{tian2022kimera,
  title={{Kimera-Multi}: robust, distributed, dense metric-semantic SLAM for multi-robot systems},
  author={Tian, Yulun and Chang, Yun and Arias, Fernando Herrera and Nieto-Granda, Carlos and How, Jonathan P and Carlone, Luca},
  journal=IEEE_J_RA,
  year=2022,
  publisher={IEEE}
}

@inproceedings{tong2017sceneslam,
  title={{SceneSLAM}: A {SLAM} framework combined with scene detection},
  author={Tong, Zhehang and Shi, Dianxi and Yang, Shaowu},
  booktitle={IEEE International Conference on Robotics and Biomimetics},
  pages={487--494},
  year={2017},
  note={https://www.youtube.com/watch?v=svzQgfkrxZc, code prioritizes spatially-coherent semantic reconstruction}
}

@inproceedings{dong2017visual,
  title={Visual-inertial-semantic scene representation for {3D} object detection},
  author={Dong, Jingming and Fei, Xiaohan and Soatto, Stefano},
  booktitle=IEEE_C_ICCV,
  pages={960--970},
  year={2017}
}


% dense mapping
@inproceedings{mccormac2017semanticfusion,
  title={Semantic{F}usion: Dense 3d semantic mapping with convolutional neural networks},
  author={McCormac, John and Handa, Ankur and Davison, Andrew and Leutenegger,s Stefan},
  booktitle=IEEE_C_ICRA,
  pages={4628--4635},
  year={2017},
}

@inproceedings{runz2018maskfusion,
  title={Mask{F}usion: Real-time recognition, tracking and reconstruction of multiple moving objects},
  author={Runz, Martin and Buffier, Maud and Agapito, Lourdes},
  booktitle={IEEE International Symposium on Mixed and Augmented Reality},
  pages={10--20},
  year={2018},
}

@article{grinvald2019volumetric,
  title={Volumetric instance-aware semantic mapping and {3D} object discovery},
  author={Grinvald, Margarita and Furrer, Fadri and Novkovic, Tonci and Chung, Jen Jen and Cadena, Cesar and Siegwart, Roland and Nieto, Juan},
  journal=IEEE_J_RAL,
  volume={4},
  number={3},
  pages={3037--3044},
  year={2019},
  publisher={IEEE}
}
