@misc{Vedaldi:08,
 Author = {A. Vedaldi and B. Fulkerson},
 Title = {{VLFeat}: An Open and Portable Library of Computer Vision Algorithms},
 Year  = {2008},
 Howpublished = {\url{http://www.vlfeat.org/}}
}

@article{Boumal:14,
  author  = {N. Boumal and B. Mishra and P.-A. Absil and R. Sepulchre},
  title   = {{M}anopt, a {M}atlab Toolbox for Optimization on Manifolds},
  journal = {Journal of Machine Learning Research},
  year    = {2014},
  volume  = {15},
  pages   = {1455--1459},
  url     = {http://www.manopt.org}
}

@misc{Dellaert:08,
 Author = {F. Dellaert},
 Title = {Georgia Tech Smoothing and Mapping ({GTSAM})},
 Howpublished = {\url{http://tinyurl.com/gtsam}}
}

@misc{Google:Tango,
 Author = {Google},
 Title = {{P}roject {T}ango},
 Howpublished = {\url{https://www.google.com/atap/project-tango/}}
}

@misc{Graffiti,
 Author = {Visual Geometry Group, University of Oxford},
 Title = {Graffiti dataset},
 Howpublished = {\url{http://www.robots.ox.ac.uk/~vgg/data/data-aff.html}}
}

@misc{ROS,
 Author = {ros.org},
 Title = {{R}obot {O}perating {S}ystem ({ROS})},
 Howpublished = {\url{http://www.ros.org/}}
}

@misc{USARSim,
 Author = {S. Carpin and M. Lewis and J. Wang and S. Balakirsky and C. Scrapper},
 Title = {{U}rban {S}earch and {R}escue {S}imulation ({USARSim})},
 Howpublished = {\url{https://sourceforge.net/projects/usarsim/}}
}

@misc{USARSimROS,
 Author = {NIST},
 Title = {Interface between {USARSim} and {ROS} ({USARSimRos})},
 Howpublished = {\url{https://sourceforge.net/projects/usarsim/}}
}

@misc{Gazebo,
 Author = {Open Source Robotics Foundation},
 Title = {Gazebo simulator},
 Howpublished = {\url{http://gazebosim.org/}}
}

@misc{MoveIt,
 Author = {I. A. Sucan and S. Chitta},
 Title = {MoveIt!},
 Howpublished = {\url{http://moveit.ros.org}}
}

@inproceedings{Carpin:ICRA07,
  title={{USARSim}: a robot simulator for research and education},
  author={S. Carpin and M. Lewis and J. Wang and S. Balakirsky and C. Scrapper},
  booktitle=IEEE_C_ICRA,
  pages={1400--1405},
  year={2007},
  organization={IEEE}
}

@misc{OpenCV,
 Author = {{Intel Corporation - Itseez}},
 Title = {Open source {C}omputer {V}ision ({OpenCV})},
 Howpublished = {\url{http://www.opencv.org/}}
}

@misc{CeresSolver,
 Author = {Google Inc.},
 Title = {Ceres Solver},
 Howpublished = {\url{http://www.ceres-solver.org/}}
}

@misc{ParrotRollingSpiderEdu,
 Author = {Parrot SA},
 Title = {RollingSpiderEdu {Git} Repository},
 Howpublished = {\url{https://github.com/Parrot-Developers/RollingSpiderEdu/}}
}

@article{Heller:OMS16,
  title={GpoSolver: a {Matlab/C++} toolbox for global polynomial optimization},
  author={Heller, Jan and Pajdla, Tomas},
  journal={Optimization Methods and Software},
  volume={31},
  number={2},
  pages={405--434},
  year={2016},
  publisher={Taylor \& Francis}
}

@misc{Lichman:13,
author = "M. Lichman",
title = "{UCI} Machine Learning Repository",
url = "http://archive.ics.uci.edu/ml",
institution = "University of California, Irvine, School of Information and Computer Sciences" }

@misc{tensorflow2015,
title={ {TensorFlow}: Large-Scale Machine Learning on Heterogeneous Systems},
url={http://tensorflow.org/},
note={Software available from tensorflow.org},
author={
    Mart\'{\i}n~Abadi and
    Ashish~Agarwal and
    Paul~Barham and
    Eugene~Brevdo and
    Zhifeng~Chen and
    Craig~Citro and
    Greg~S.~Corrado and
    Andy~Davis and
    Jeffrey~Dean and
    Matthieu~Devin and
    Sanjay~Ghemawat and
    Ian~Goodfellow and
    Andrew~Harp and
    Geoffrey~Irving and
    Michael~Isard and
    Yangqing Jia and
    Rafal~Jozefowicz and
    Lukasz~Kaiser and
    Manjunath~Kudlur and
    Josh~Levenberg and
    Dan~Man\'{e} and
    Rajat~Monga and
    Sherry~Moore and
    Derek~Murray and
    Chris~Olah and
    Mike~Schuster and
    Jonathon~Shlens and
    Benoit~Steiner and
    Ilya~Sutskever and
    Kunal~Talwar and
    Paul~Tucker and
    Vincent~Vanhoucke and
    Vijay~Vasudevan and
    Fernanda~Vi\'{e}gas and
    Oriol~Vinyals and
    Pete~Warden and
    Martin~Wattenberg and
    Martin~Wicke and
    Yuan~Yu and
    Xiaoqiang~Zheng},
  year=2015,
}

@article{pedregosa2011scikit,
  title={Scikit-learn: Machine learning in Python},
  author={Pedregosa, Fabian and Varoquaux, Ga{\"e}l and Gramfort, Alexandre and Michel, Vincent and Thirion, Bertrand and Grisel, Olivier and Blondel, Mathieu and Prettenhofer, Peter and Weiss, Ron and Dubourg, Vincent and others},
  journal={the Journal of machine Learning research},
  volume={12},
  pages={2825--2830},
  year={2011},
  publisher={JMLR. org}
}

@incollection{ketkar2017introduction,
  title={Introduction to {P}y{T}orch},
  author={Ketkar, Nikhil},
  booktitle={Deep learning with python},
  pages={195--208},
  year={2017},
  publisher={Springer}
}

@misc{Gurobi,
 author = {{Gurobi Optimization}},
 title = {Gurobi - The fastest solver},
 howpublished = {\url{https://www.gurobi.com}}
}

@Misc{SUMO,
  author =    {{German Aerospace Center}},
  title =     {{Simulation of Urban MObility (SUMO)}},
  howpublished = {https://github.com/eclipse/sumo}
  }

@article{FischerRAM2021,
    title={A {RoboStack} Tutorial: Using the {R}obot {O}perating {S}ystem Alongside the {C}onda and {J}upyter Data Science Ecosystems},
    author={Tobias Fischer and Wolf Vollprecht and Silvio Traversaro and Sean Yen and Carlos Herrero and Michael Milford},
    journal=IEEE_M_RA,
    year={2021},
    doi={10.1109/MRA.2021.3128367},
}

@misc{Coppelia,
 author = {{Coppelia Robotics AG}},
 title = {Coppelia sim},
 howpublished = {\url{https://www.coppeliarobotics.com}}
}

@article{rooban2021coppeliasim,
  title={CoppeliaSim: Adaptable modular robot and its different locomotions simulation framework},
  author={Rooban, S and Suraj, Shaik Dilawar and Vali, Shaik Babji and Dhanush, Nagandla},
  journal={Materials Today},
  year={2021},
  publisher={Elsevier}
}

@Misc{rANOVA_matlab,
 author ={{A. Trujillo-Ortiz, R. Hernandez-Walls, and F. Trujillo-Perez.}},
 title = {RMAOV33: Analysis of variance with repeated measures on three factors test:a Matlab file.},
 howpublished={\url{https://www.mathworks.com/matlabcentral/fileexchange/9638-rmaov33}}
}
