@Article{Candes:JACM11,
  Title                    = {Robust principal component analysis?},
  Author                   = {E. J. Cand{\`e}s and X. Li and Y. Ma and J. Wright},
  Journal                  = ACM_J,
  Year                     = {2011},
  Number                   = {3},
  Pages                    = {11},
  Volume                   = {58},
  Publisher                = {ACM}
}

@Article{Cai:SJO10,
  Title                    = {A Singular Value Thresholding Algorithm for Matrix Completion},
  Author                   = {J. F. Cai and E.J. Cand{\`e}s and Z. Shen},
  Journal                  = SIAM_J_O,
  Year                     = {2010},
  Pages                    = {1956},
  Volume                   = {20},
}

@inbook{Bach:chapter11,
  chapter={Convex optimization with sparsity-inducing norms},
  author={F. Bach and R. Jenatton and J. Mairal and G. Obozinski},
  title={Optimization for Machine Learning},
  pages={19--53},
  year={2011},
  publisher={MIT Press}
}

% Sparse sensing

@inproceedings{ma2016sparse,
  title={Sparse sensing for resource-constrained depth reconstruction},
  author={Ma, Fangchang and Carlone, Luca and Ayaz, Ulas and Karaman, Sertac},
  booktitle=IEEE_C_IROS,
  pages={96--103},
  year={2016},
  organization={IEEE},
  annote={2D lidar fill in using convex regularizers}
}

@inproceedings{pinies2015too,
  title={Too much {TV} is bad: Dense reconstruction from sparse laser with non-convex regularisation},
  author={Pini{\'e}s, Pedro and Paz, Lina Mar{\'\i}a and Newman, Paul},
  booktitle=IEEE_C_ICRA,
  pages={135--142},
  year={2015},
  annote={uses proximal splitting methods. Applies also to multi-class segmentation.}
}


@article{okane2007localization,
  title={Localization with limited sensing},
  author={O'Kane, Jason M and LaValle, Steven M},
  journal=IEEE_J_RA,
  volume={23},
  number={4},
  pages={704--716},
  year={2007},
  publisher={IEEE},
  annote={localization from odometry + contact}
}

@inproceedings{erickson2008probabilistic,
  title={Probabilistic localization with a blind robot},
  author={Erickson, Lawrence H and Knuth, Joseph and O'Kane, Jason M and LaValle, Steven M},
  booktitle=IEEE_C_ICRA,
  pages={1821--1827},
  year={2008},
  annote={Also as a planning problem (active localization). Considers discrete PMF on boundary.}
}

% topological reasoning

@inproceedings{derenick2013homological,
  title={Homological sensing for mobile robot localization},
  author={Derenick, Jason and Speranzon, Alberto and Ghrist, Robert},
  booktitle=IEEE_C_ICRA,
  pages={572--579},
  year={2013},
  annote={builds simplicial nerve complex, extracts env topology from it}
}

@article{suri2008simple,
  title={Simple robots with minimal sensing: From local visibility to global geometry},
  author={Suri, Subhash and Vicari, Elias and Widmayer, Peter},
  journal={The International Journal of Robotics Research},
  volume={27},
  number={9},
  pages={1055--1067},
  year={2008},
  publisher={SAGE Publications},
  annote={Robot+pebble to discover simpli connected or not while only sensing something equivalent to visibility decomposition}
}

@article{tovar2014combinatorial,
  title={Combinatorial filters: Sensor beams, obstacles, and possible paths},
  author={Tovar, Benjamin and Cohen, Fred and Bobadilla, Leonardo and Czarnowski, Justin and Lavalle, Steven M},
  journal={ACM Transactions on Sensor Networks},
  volume={10},
  number={3},
  pages={1--32},
  year={2014},
  annote={find path (up to topological equivalency) from binary sensor beams}
}

% vision-applied compressed sensing

@article{needell2013stable,
  title={Stable image reconstruction using total variation minimization},
  author={Needell, Deanna and Ward, Rachel},
  journal={SIAM Journal on Imaging Sciences},
  volume={6},
  number={2},
  pages={1035--1058},
  year={2013},
  publisher={SIAM}
}

@inproceedings{reddy2008compressed,
  title={Compressed sensing for multi-view tracking and {3-D} voxel reconstruction},
  author={Reddy, Dikpal and Sankaranarayanan, Aswin C and Cevher, Volkan and Chellappa, Rama},
  booktitle=ICIP,
  pages={221--224},
  year={2008},
  organization={IEEE}
}
