@article{Liu:JSV97,
  title={Identification of linear time-varying systems},
  author={K. Liu},
  journal={Journal of Sound and Vibration},
  volume={206},
  number={4},
  pages={487--505},
  year={1997},
  publisher={Elsevier}
}

@book{VanOverschee:book94,
  title={Subspace identification for linear systems: Theory - Implementation - Applications},
  author={P. {Van Overschee} and B. L. De Moor},
  year={1994},
  publisher={Springer Science \& Business Media}
}

@book{lennart1999system,
  title={System identification: theory for the user},
  author={Lennart, Ljung},
  publisher={PTR Prentice Hall, Upper Saddle River, NJ},
  year={1999}
}

@article{chiuso2019system,
  title={System identification: A machine learning perspective},
  author={Chiuso, A and Pillonetto, G},
  journal={Annual Review of Control, Robotics, and Autonomous Systems},
  volume={2},
  pages={281--304},
  year={2019},
  publisher={Annual Reviews}
}

@article{tobenkin2017convex,
  title={Convex parameterizations and fidelity bounds for nonlinear identification and reduced-order modelling},
  author={Tobenkin, Mark M and Manchester, Ian R and Megretski, Alexandre},
  journal=IEEE_J_AC,
  volume={62},
  number={7},
  pages={3679--3686},
  year={2017},
  publisher={IEEE},
  annote={Gives ways to minimize simulation error instead of one-step error}
}

@article{gevers2006personal,
  title={A personal view of the development of system identification: A 30-year journey through an exciting field},
  author={Gevers, Michel},
  journal=IEEE_M_CS,
  volume={26},
  number={6},
  pages={93--105},
  year={2006},
  publisher={IEEE}
}

% see also gevers2005identification