@article{fainekos2009robustness,
  title={Robustness of temporal logic specifications for continuous-time signals},
  author={Fainekos, Georgios E and Pappas, George J},
  journal={Theoretical Computer Science},
  volume={410},
  number={42},
  pages={4262--4291},
  year={2009},
  publisher={Elsevier},
  annote={Introduced quantitative semantics}
}
