
@PhdThesis{Li:Thesis,
  author =       {Danyang Li},
  title =        {Search methods applied to deep neural networks and temporal logic},
  school =       BU,
  start_year = 2021,
  year =         2025,
  role = ADV,
  URM = {F},
  department = ME
}

@PhdThesis{Wu:Thesis,
  author =       {Lianting Wu},
  title =        {{A}lternating {D}irection {M}ethod of {M}ultiplier on Manifolds for Inverse Kinematics and Localization of Parallel Robots},
  school =       BU,
  start_year = 2021,
  year =         2025,
  role = ADV,
  department = ME
}

@PhdThesis{Sang:Thesis,
  author =       {Xinhuan Sang},
  title =        {Learning in estimation and control of dynamical systems},
  school =       BU,
  start_year = 2021,
  year =         2025,
  role = ADV,
  department = ME
}

@PhdThesis{ZhangD:Thesis,
  author =       {Dawei Zhang},
  title =        {Haptic feedback via {C}ontrol {B}arrier {F}unctions},
  school =       BU,
  start_year = 2020,
  year =         2023,
  role = ADV,
  department = ME
}

@PhdThesis{Mitjians:Thesis,
  author =       {Marc Mitjans},
  title =        {Estimation and Learning for Patient Motion Assessment},
  school =       BU,
  start_year = 2020,
  year =         2024,
  URM = {H},
  role = ADV,
  department = ME
}

@PhdThesis{Bahreinian:Thesis,
  author =       {Mahroo Bahreinian},
  title =        {Linear optimization for robust localization and control},
  school =       BU,
  start_year = 2018,
  year =         2022,
  URM = {F},
  role = ADV,
  department = SE
}

@PhdThesis{YangZ:Thesis,
  author =       {Ziqi Yang},
  title =        {{A}lternating {D}irection {M}ethod of {M}ultiplier algorithms for multi-agent path planning with security specifications},
  school =       BU,
  start_year = 2018,
  year =         2023,
  role = ADV,
  department = SE
}

@PhdThesis{WangZ:Thesis,
  author =       {Zili Wang},
  title =        {Data-driven methods for path planning},
  school =       BU,
  start_year = 2021,
  year =         2025,
  role = "Co-advised with Prof. Sean Andersson",
  URM = {F},
  department = SE
}

@PhdThesis{Kermanshah:Thesis,
  author =       {Mohammad Mehdi Kermanshah},
  title =        {Robust perception for autonomous navigation},
  school =       BU,
  start_year = 2022,
  year =         2027,
  role = "Co-advised with Prof. Calin Belta",
  department = ME
}
