@string{BU="Boston University"}
@string{ADV="Primary advisor"}
#@string{ME="{M}echanical {E}ngineering"}
#@string{SE="{S}ystem {E}ngineering"}
#@string{ECE="{E}lectrical and {C}omputer {E}ngineering"}
@string{ME="{ME}"}
@string{SE="{SE}"}
@string{ECE="{ECE}"}
@MastersThesis{Zhang:Thesis20,
  author =       {Xinwei Zhang},
  title =        {Extensions Of Motion Planning Algorithms},
  school =       BU,
  start_year= 2019,
  year =         2020,
  role = ADV,
  department = ME
}


@MastersThesis{Ahmad:Thesis21,
  author =       {Ahmad Ahmad},
  title =        {Adaptive Sampling-Based Motion Planning With Control Barrier Functions},
  school =       BU,
  start_year = 2020,
  year =         2021,
  role = ADV,
  department = SE
}

@MastersThesis{Liu:Thesis19,
  author = 	 {Cheng Liu},
  title = 	 {Localizing a quadrotor with collisions: novel sensor design and applications to particle filtering},
  school = 	 {Boston University},
  start_year = 2018,
  year = 	 2019,
  role = ADV,
  department = ME
}

@MastersThesis{Dunn:Thesis19,
  author =   {James Dunn},
  title =    {Quadcopter Drone Formation Control Via Onboard Visual Perception},
  school =   BU,
  start_year = 2019,
  year =   2020,
  role = ADV,
  department = ECE
}

@PhdThesis{Yang:Thesis20,
  author =       {Guang Yang},
  title =        {Motion Planning and Control for Safety-Critical Systems},
  school =       BU,
  start_year = 2016,
  year =         2020,
  role = {Co-advised with Prof. Calin Belta},
  department = SE
}

@PhdThesis{Serlin:Thesis20,
  author =       {Zachary Serlin},
  title =        {Distributed Formal Methods and Sensing for Autonomous Systems},
  school =       BU,
  start_year = 2017,
  year =         2020,
  role = "Co-advised with Prof. Calin Belta",
  department = ME
}

@MastersThesis{Schoer:Thesis21,
  author =       {Andrew Schoer},
  title =        {Safe Navigation and Path Planning for Multiagent Systems with Control Barrier Functions},
  school =       BU,
  start_year = 2020,
  year =         2021,
  role = ADV,
  department = ME
}

@PhdThesis{Karimian:Thesis21,
  author =       {Arman Karimian},
  title =        {Resilient Visual Perception for Multiagent Systems},
  school =       BU,
  start_year = 2016,
  year =         2021,
  role = ADV,
  department = SE
}

@PhdThesis{Vang:Thesis21,
  author =       {Bee Vang},
  title =        {Attitude Control On Manifolds Via Optimization And Contractions with Automatic Gain Tuning},
  school =       BU,
  start_year = 2017,
  year =         2021,
  role = ADV,
  department = ME
}

@MastersThesis{Negishi:Thesis21,
  author =       {Tomoya Negishi},
  title =        {Feature Matching and Learning for Controlling Multiple Identical Agents with Global Inputs},
  school =       BU,
  start_year = 2021,
  year =         2022,
  role = ADV,
  department = ME
}

@PhdThesis{Yang:Thesis23,
  author =       {Ziqi Yang},
  title =        {Resilient Planning, Task Assignment and Control for Multi-Robot Systems Against Plan-Deviation Attacks},
  school =       BU,
  start_year = 2018,
  year =         2023,
  role = ADV,
  department = SE
}

@PhdThesis{Bahreinian:Thesis23,
  author =       {Mahroo Bahreinian},
  title =        {Robust Localization and Navigation with Linear Programming},
  school =       BU,
  start_year = 2018,
  year =         2023,
  role = ADV,
  department = SE
}
