@article{Grangetto:COML08,
  title={Rate-compatible distributed arithmetic coding},
  author={Grangetto, Marco and Magli, Enrico and Tron, Roberto and Olmo, Gabriella},
  journal=IEEE_J_COML,
  volume=12,
  number=8,
  pages={575--577},
  year=2008,
  publisher={IEEE}
}

@CONFERENCE{Tron:CVPR07,
  author = {Roberto Tron and R. Vidal},
  title = {A Benchmark for the Comparison of 3-{D} Motion Segmentation Algorithms},
  booktitle = IEEE_C_CVPR,
  year = {2007},
}

@inproceedings{Rao:CVPR08,
  title={Motion segmentation via robust subspace separation in the presence of outlying, incomplete, or corrupted trajectories},
  author={S. R. Rao and Roberto Tron and R. Vidal and Y. Ma},
  booktitle=IEEE_C_CVPR,
  pages={1--8},
  year={2008},
  organization={IEEE}
}

@article{Vidal:IJCV08,
  title={Multiframe motion segmentation with missing data using {P}ower{F}actorization and {GPCA}},
  author={R. Vidal and Roberto Tron and R. Hartley},
  journal=IJCV,
  volume={79},
  number={1},
  pages={85--105},
  year={2008},
  publisher={Springer Netherlands}
}

@INPROCEEDINGS{Tron:ICDSC08,
  author = {Roberto Tron and R. Vidal and A. Terzis},
  title = {Distributed pose averaging in camera networks via consensus on {${SE(3)}$}},
  booktitle = IEEE_C_ICDSC,
  year = 2008,
}

@inproceedings{Tron:OMNIVIS08,
  title={Distributed face recognition via consensus on {${SE(3)}$}},
  author={Roberto Tron and R. Vidal},
  booktitle={Workshop on Omnidirectional Vision, Camera Networks and Non-classical Cameras},
  year={2008}
}

@INPROCEEDINGS{Tron:CDC09,
  author = {Roberto Tron and R. Vidal},
  title = {Distributed Image-Based {3-D} Localization of Camera Sensor Networks},
  booktitle = IEEE_C_CDC,
  year = {2009},
}

@article{Rao:PAMI10,
  title={Motion segmentation in the presence of outlying, incomplete, or corrupted trajectories},
  author={S. Rao and Roberto Tron and R. Vidal and Y. Ma},
  journal=IEEE_J_PAMI,
  volume={32},
  number={10},
  pages={1832--1845},
  year={2010},
  publisher={IEEE}
}

@inproceedings{Chen:CDC10,
  title={Corrective consensus: Converging to the exact average},
  author={Y. Chen and Roberto Tron and A. Terzis and R. Vidal},
  booktitle=IEEE_C_CDC,
  pages={1221--1228},
  year={2010},
}

@incollection{Tron:chapter11,
  title={Distributed consensus algorithms for image-based localization in camera sensor networks},
  author={Roberto Tron and A. Terzis and R. Vidal},
  booktitle={Distributed Video Sensor Networks},
  pages={289--302},
  year={2011},
  publisher={Springer}
}

@article{Tron:SPM11,
  title={Distributed computer vision algorithms},
  author={Roberto Tron and R. Vidal},
  journal=IEEE_M_SP,
  volume={28},
  number={3},
  pages={32--45},
  year={2011},
  publisher={IEEE}
}

@inproceedings{Tron:CVPR11,
  title={Distributed computer vision algorithms through distributed averaging},
  author={Roberto Tron and R. Vidal},
  booktitle=IEEE_C_CVPR,
  pages={57--63},
  year={2011},
  organization={IEEE}
}

@inproceedings{Chen:ACC11,
  title={Accelerated corrective consensus: Converge to the exact average at a faster rate},
  author={Y. Chen and Roberto Tron and A. Terzis and R. Vidal},
  booktitle=IEEE_C_ACC,
  pages={3417--3422},
  year={2011},
}

@inproceedings{Chen:CDC11,
  title={Corrective consensus with asymmetric wireless links},
  author={Y. Chen and Roberto Tron and A. Terzis and R. Vidal},
  booktitle=IEEE_C_CDC,
  pages={6660--6665},
  year={2011},
  organization={IEEE}
}

@CONFERENCE{Tron:CDC11,
  author = {Roberto Tron and R. Vidal},
  title = {Average Consensus on Riemannian Manifolds with Bounded Curvature},
  booktitle = IEEE_C_CDC,
  year = {2011},
}

@PhdThesis{Tron:Thesis12,
  author = 	 {Roberto Tron},
  title = 	 {Distributed optimization on manifolds for consensus algorithms and camera network localization},
  school = 	 {The Johns Hopkins University},
  year = 	 2012,
}

@inproceedings{Tron:CDC12,
  title={Intrinsic consensus on {${SO(3)}$} with almost-global convergence},
  author={Roberto Tron and B. Afsari and R. Vidal},
  booktitle= IEEE_C_CDC,
  pages={2052--2058},
  year={2012}
}

@inproceedings{Singaraju:ICASSP12,
  title={On the {L}agrangian biduality of sparsity minimization problems},
  author={D. Singaraju and Roberto Tron and E. Elhamifar and A. Y. Yang and S. Sastry},
  booktitle=IEEE_C_ICASSP,
  pages={3429--3432},
  year={2012},
  organization={IEEE}
}

@article{Tron:TAC13,
  title={Riemannian consensus for manifolds with bounded curvature},
  author={Roberto Tron{} and B. Afsari and R. Vidal},
  journal=IEEE_J_AC,
  volume=58,
  number=4,
  pages={921--934},
  year=2013,
  publisher={IEEE}
}

@CONFERENCE{Tron:CVPR14,
  author = {Roberto Tron and K. Daniilidis},
  title = {On the quotient representation for the essential manifold},
  booktitle = IEEE_C_CVPR,
  year = {2014},
}

@article{Afsari:SJCO13,
  title={On the convergence of gradient descent for finding the Riemannian center of mass},
  author={B. Afsari and Roberto Tron and R. Vidal},
  journal=SIAM_J_CO,
  volume={51},
  number={3},
  pages={2230--2260},
  year={2013},
  publisher={SIAM}
}


@inproceedings{Tron:ECCV14,
  author={Roberto Tron and K. Daniilidis},
  title={Statistical pose averaging with non-isotropic and incomplete relative measurements},
  booktitle=IEEE_C_ECCV,
  year={2014}
}

@inproceedings{Tron:MVIGRO14,
  author={Roberto Tron and P. Osteen and J. Owens and K. Daniilidis},
  title={Pose Optimization for the Registration of Multiple Heterogeneous Views},
  booktitle={Workshop on Multi-View Geometry in Robotics},
  year={2014}
}

@inproceedings{Tron:DCE14,
  author={Roberto Tron and J. Thomas and G. Loianno and J. Polin and V. Kumar and K. Daniilidis},
  title={Vision-based formation control of aerial vehicles},
  booktitle={Workshop on Distributed Control and Estimation for Robotic Vehicle Networks},
  year={2014}
}

@CONFERENCE{Tron:ICRA14,
  author = {Roberto Tron and K. Daniilidis},
  title = {An Optimization Approach to Bearing-Only Visual Homing with Applications to a 2-{D} Unicycle Model},
  booktitle = IEEE_C_ICRA,
  year = {2014},
}


@unpublished{Tron:Arxiv14,
  author = 	 {Roberto Tron and K. Daniilidis},
  title = 	 {Technical report on Optimization-Based Bearing-Only Visual Homing with Applications to a 2-D Unicycle Model},
  booktitle = ARXIV,
  year={2014}
}

@article{Tron:TAC14,
  title={Distributed {3-D} Localization of Camera Sensor Networks
from {2-D} Image Measurements},
  author={Roberto Tron and R. Vidal},
  journal=IEEE_J_AC,
  year={2014}
}

@INPROCEEDINGS{Atanasov:CDC14,
  author = {N. Atanasov and Roberto Tron and V. M. Preciado and G. J. Pappas},
  title = {Joint estimation and localization in sensor networks},
  booktitle = IEEE_C_CDC,
  pages={6875--6882},
  year = {2014},
}

@inproceedings{Leonardos:CVPR15,
  title={A Metric Parametrization for Trifocal Tensors with Non-Colinear Pinholes},
  author={S. Leonardos and Roberto Tron and K. Daniilidis},
  booktitle=IEEE_C_CVPR,
  pages={259--267},
  year={2015}
}

@inproceedings{Tron:WPMS15,
  title={On the inclusion of determinant constraints in {L}agrangian duality for {3D SLAM}},
  author={Roberto Tron and D. M. Rosen and L. Carlone},
  booktitle={Workshop on The Problem of Mobile Sensors},
  year={2015}
}

@inproceedings{Carlone:ICRA15,
  author={L. Carlone and Roberto Tron and K. Daniilidis and F. Dellaert},
  title={Initialization Techniques for {3D SLAM}: a Survey on Rotation Estimation and its Use in Pose Graph Optimization},
  booktitle=IEEE_C_ICRA,
  year={2015}
}

@inproceedings{Tron:ACC15,
  author={Roberto Tron and L. Carlone and F. Dellaert and K. Daniilidis},
  title={Rigid Components Identification and Rigidity Control in Bearing-Only Localization using the Graph Cycle Basis},
  booktitle=IEEE_C_ACC,
  year={2015}
}

@article{Tron:CSM16,
  author={Roberto Tron and J. Thomas and G. Loianno and K. Daniilidis and V. Kumar},
  title={A Distributed Optimization Framework for Localization and Formation Control: Applications to Vision-Based Measurements
},
  journal=IEEE_M_CS,
  year=2016
}

@inproceedings{Tron:DiffCVML16,
  author={Roberto Tron and X. Zhou and K. Daniilidis},
  title={A survey on rotation optimization in structure from motion},
  booktitle={Workshop on Differential Geometry and Computer Vision},
  year={2016}
}

@unpublished{Tron:ArXiv16,
  author = 	 {Roberto Tron},
  title = 	 {A Factorization Approach to Inertial Affine Structure from Motion},
  booktitle = ARXIV,
  note = {\url{http://arxiv.org/abs/1608.02680}},
  year={2016}
}

@inproceedings{Tron:CDC16,
  author={Roberto Tron and J. Thomas and G. Loianno and K. Daniilidis and V. Kumar},
  title={Bearing-only formation control with auxiliary distance measurements, leaders, and collision avoidance},
  booktitle=IEEE_C_CDC,
  year={2016}
}

@CONFERENCE{Tron:ICCV17,
  author = {Roberto Tron and X. Zhou and C. Esteves and K. Daniilidis},
  title = {Fast Multi-Image Matching via Density-Based Clustering},
  booktitle = IEEE_C_ICCV,
  year = {2017},
}

@article{Tron:SIIMS17,
  title={The space of essential matrices as a Riemannian quotient manifold},
  author={Roberto Tron and K. Daniilidis},
  journal=SIAM_J_IS,
  year={2017},
  publisher={Society for Industrial and Applied Mathematics}
}

@inproceedings{Karimian:CDC17,
  author={A. Karimian and Roberto Tron},
  title={Theory and Methods for Bearing Rigidity Recovery},
  booktitle=IEEE_C_CDC,
  year={2017}
}

@inproceedings{Schiano:ICRA18,
  author={F. Schiano and Roberto Tron},
  title={The Dynamic Bearing Observability Matrix: Nonlinear Observability and Estimation for Multi-Agent Systems},
  booktitle=IEEE_C_ICRA,
  year={2018}
}


@inproceedings{Serlin:ISER18,
  author={Z. Serlin and B. Sookraj and C. Belta and Roberto Tron},
  title={Consistent Multi-Robot Object Matching via {Q}uick{M}atch},
  booktitle=ISER,
  year=2018
}

@inproceedings{Pandey:IROS18,
  author={P. Pandey and Q. He and D. Pompili and Roberto Tron},
  title={Light-weight Object Detection and Decision Making via Approximate Computing in Resource-constrained Mobile Robots},
  booktitle=IEEE_C_IROS,
  year=2018
}

@inproceedings{Serlin:IROS18,
  author={Z. Serlin and K. Leahy and Roberto Tron and C. Belta},
  title={Distributed Sensing Subject to Temporal Logic Constraints},
  booktitle=IEEE_C_IROS,
  year=2018
}

@INPROCEEDINGS{Tron:CDC18,
  author = {Roberto Tron},
  title = {Bearing-Based Formation Control with Second-Order Agent Dynamics},
  booktitle = IEEE_C_CDC,
  year = {2018},
}

@INPROCEEDINGS{Greenawalt:ACC19,
  author = {John Greenawalt and Roberto Tron},
  title = {A Bearing-Based Control Law for Trajectory Tracking},
  booktitle = IEEE_C_ACC,
  year = 2019,
}

@INPROCEEDINGS{Yang:ACC19,
  author = {Guang Yang and Calin Belta and Roberto Tron},
  title = {Self-triggered Control for Safety Critical Systems Using Control Barrier Functions},
  booktitle = IEEE_C_ACC,
  year = {2019},
}

@inproceedings{Bahreinian:CDC19,
  author={Mahroo Bahreinian and Roberto Tron},
  title={A Computational Theory of Robust Localization Verifiability in the Presence of Pure Outlier Measurements},
  booktitle=IEEE_C_CDC,
  year={2019}
}

@unpublished{Vang2018,
  author = {Vang, Bee and Tron, Roberto},
  title = {{Non-Natural Metrics on the Tangent Bundle}},
  url = {http://arxiv.org/abs/1809.06895},
  year = {2018},
  booktitle=ARXIV,
  note = {ArXiV, \url{http://arxiv.org/abs/1809.06895}},
}

@inproceedings{Vang:CDC19,
  author={Bee Vang and Roberto Tron},
  title={Geometric Attitude Control via Contraction on Manifolds with Automatic Gain Selection},
  booktitle=IEEE_C_CDC,
  year={2019}
}

@inproceedings{Leonardos:CDC19,
  author={Spyridon Leonardos and Kostas Daniilidis and Roberto Tron},
  title={Distributed 3-D Bearing-Only Orientation Localization},
  booktitle=IEEE_C_CDC,
  year={2019}
}

@inproceedings{Jones:ISSR19,
  author={Austin Jones and Kevin Leahy and Cristian Ioan Vasile and Sadra Sadraddini and Zachary Serlin and Roberto Tron and Calin Belta},
  title={{ScRATCHS}: Scalable and Robust Algorithms for Task-based Coordination from High-level Specifications},
  booktitle=ISSR,
  year={2019}
}

@inproceedings{Wardega:AAMAS19,
  author={Kacper Wardega and Roberto Tron and Wenchao Li},
  title={Masquerade Attack Detection Through Observation Planning for Multi-Robot Systems},
  booktitle=AAMAS,
  year={2019}
}

@article{Serlin:IJRR20,
  title={Distributed and Consistent Multi-Image Feature Matching via {Q}uick{M}atch},
  author={Zachary Serlin and Guang Yang and Brandon Sookraj and Calin Belta and Roberto Tron},
  journal=IJRR,
  year={2020},
  publisher={Springer Netherlands}
}

@inproceedings{Yang:ICACR19,
  title={Sampling-based Motion Planning via Control Barrier Functions},
  author={Guang Yang and Bee Vang and Zachary Serlin and Calin Belta and Roberto Tron},
  booktitle=ICACR,
  year={2019},
}

@inproceedings{wardega2019resilience,
  title={Resilience of multi-robot systems to physical masquerade attacks},
  author={Wardega, Kacper and Tron, Roberto and Li, Wenchao},
  booktitle={IEEE Security and Privacy Workshops},
  pages={120--125},
  year={2019},
  organization={IEEE}
}


@inproceedings{Yang:ACC20,
  title={Continuous-time Signal Temporal Logic Planning with Control Barrier Functions},
  author={Guang Yang and Calin Belta and Roberto Tron},
  booktitle=IEEE_C_ACC,
  year={2020},
}

@inproceedings{Karimian:ACC20,
  title={Bearing-Only Consensus and Formation Control under Directed Topologies},
  author={Arman Karimian and Roberto Tron},
  booktitle=IEEE_C_ACC,
  year=2020,
}

@inproceedings{Yang:IROS20,
  title={Multi-Agent Path Planning Under Observation Schedule Constraints},
  author={Ziqi Yang and Roberto Tron},
  booktitle=IEEE_C_IROS,
  year={2020},
}

@inproceedings{Vang:CDC20,
  title={Global Attitude Control via Contraction on Manifolds with Reference Trajectory and Optimization},
  author={Bee Vang and Roberto Tron},
  booktitle=IEEE_C_CDC,
  year={2020},
}

@inproceedings{Karimian:ECCV20,
  title={Rotational outlier identification in pose graphs using dual decomposition},
  author={Arman Karimian and Ziqi Yang and Roberto Tron},
  booktitle=IEEE_C_ECCV,
  year={2020},
}

@article{Dunn:RAL20,
  title={Temporal Siamese Networks for Clutter Mitigation Applied to Vision-Based Quadcopter Formation Control},
  author={James Dunn and Roberto Tron},
  journal=IEEE_J_RAL,
  year={2020},
}


@comment{Mencoff:IROS20,
  title={Automatic Generation of Truss Structures for Robot Navigation},
  author={George Mencoff and Roberto Tron},
  booktitle=IEEE_C_IROS,
  year={(under review)},
}


@inproceedings{Bahreinian:ACC21,
  title={Robust Path Planning and Control For Polygonal Environments via Linear Programming},
  author={Mahroo Bahreinian and Erfan Aasi and Roberto Tron},
  booktitle=IEEE_C_ACC,
  year={2021},
}

@unpublished{Bahreinian:ARXIV19,
  title={Robust Planning and Control For Polygonal Environments via Linear Programming},
  author={Bahreinian, Mahroo and Aasi, Erfan and Tron, Roberto},
  booktitle=ARXIV,
  url={https://arxiv.org/abs/1910.07976},
  year={2019}
}


@inproceedings{Wang:ACC21,
  title={Chance Constraint Robust Control with Control Barrier Functions},
  author={Chenfei Wang and Mahroo Bahreinian and Roberto Tron},
  booktitle=IEEE_C_ACC,
  year={2021},
}

@article{Karimian:LCSS21,
  title={Bearing-only navigation with field of view constraints},
  author={Arman Karimian and Roberto Tron},
  journal=IEEE_J_CSL,
  year={2021},
}

@inproceedings{Liu:ICRA21,
  title={Sensing via Collisions: a Smart Cage for Quadrotors with Applications to Self-Localization},
  author={Cheng Liu and Roberto Tron},
  booktitle=IEEE_C_ICRA,
  year={2021},
}

@inproceedings{Zhang:ICRA21,
  title={Haptic Feedback Improves Human-Robot Agreement and User Satisfaction in Shared-Autonomy Teleoperation},
  author={Dawei Zhang and Roberto Tron and Rebecca Khurshid},
  booktitle=IEEE_C_ICRA,
  year={2021},
}

@inproceedings{Mijans:ICRA21,
  title={Visual-Inertial Filtering for Human Walking Quantification},
  author={Marc Mitjans and Michail Theofanidis and Ashley Nicole Collimore and Madelaine Lee Disney and David Michael Levine and Louis Awad and Roberto Tron},
  booktitle=IEEE_C_ICRA,
  year={2021},
}

@inproceedings{Bahreinian:IROS21,
  title={Robust Sample-Based Output-Feedback Path Planning},
  author={Mahroo Bahreinian and Marc Mitjans and Roberto Tron},
  booktitle=IEEE_C_IROS,
  year={2021},
}

@unpublished{Bahreinian:ARXIV22,
  title={Sample-Based Output-Feedback Navigation with Bearing Measurements},
  author={Bahreinian, Mahroo and Mitjans, Marc and Xing, Roy and Tron, Roberto},
  booktitle=ARXIV,
  url={https://arxiv.org/abs/2203.04416},
  year={2022}
}


@inproceedings{Zhang:IROS21,
  title={Stable Haptic Teleoperation of UAVs Via Small $L_2$ Gain and Control Barrier Functions},
  author={Dawei Zhang and Roberto Tron},
  booktitle=IEEE_C_IROS,
  year=2021,
}

@inproceedings{Yang:CDC21,
   title={Multi-Agent Trajectory Optimization Against Plan-Deviation Attacks using Co-Observations and Reachability Constraints},
   author={Ziqi Yang and Roberto Tron},
   booktitle=IEEE_C_CDC,
   year={2021}
}

@inproceedings{sadhu2020aerial,
  title={{Aerial-DeepSearch}: Distributed Multi-Agent Deep Reinforcement Learning for Search Missions},
  author={Sadhu, Vidyasagar and Sun, Chuanneng and Karimian, Arman and Tron, Roberto and Pompili, Dario},
  booktitle={International Conference on Mobile Ad Hoc and Sensor Systems},
  pages={165--173},
  year={2020},
  organization={IEEE}
}

@article{thai2021experimental,
  title={Experimental and Computational Aeroacoustic Investigation of Small Rotor Interactions in Hover},
  author={Thai, Austin David and De Paola, Elisa and Di Marco, Alessandro and Stoica, Luana Georgiana and Camussi, Roberto and Tron, Roberto and Grace, Sheryl Marie},
  journal={Applied Sciences},
  volume={11},
  number={21},
  pages={10016},
  year={2021},
  publisher={Multidisciplinary Digital Publishing Institute}
}


@inproceedings{Vang:ACC22,
  author={Bee Vang and Roberto Tron},
  title={Global Varying Gains Attitude Control on Manifolds with Online Automatic Gain Tuning},
  booktitle=IEEE_C_ACC,
  year={2022}
}

@inproceedings{WangZ:ACC22,
  author={Zili Wang and Sean B. Andersson and Roberto Tron},
  title={Bearing-Based Formation Control with Optimal Motion Trajectory},
  booktitle=IEEE_C_ACC,
  year={2022}
}

@inproceedings{WangL:ACC22,
  author={Lili Wang and Roberto Tron},
  title={Distributed $k$-Clustering with Exponential Convergence},
  booktitle=IEEE_C_ACC,
  year=2022
}

@article{Leahy:TRO21,
  title={Scalable and Robust Algorithms for Task-Based Coordination From High-Level Specifications (ScRATCHeS)},
  author={Leahy, Kevin and Serlin, Zachary and Vasile, Cristian-Ioan and Schoer, Andrew and Jones, Austin M and Tron, Roberto and Belta, Calin},
  journal=IEEE_J_RA,
  year=2021,
  publisher={IEEE}
}

@techreport{Asfari:Tech12,
  title={Results on an Intrinsic Consensus Algorithm on $SO(3)$ with Almost-Global Convergence},
  author={Vidal, Ren{\'e} and Asfari, Bijan and Tron, Roberto},
  year=2012,
  institution={Department of Electrical and Computer Engineering, Johns Hopkins University}
}

@article{Jorstad:APLTD10,
  title={Estimating the pose of an object in a distributed camera network},
  author={Jorstad, A and Burlina, P and Wang, IJ and Lucarelli, D and DeMenthon, D and Tron, R and Terzis, A and Vidal, R},
  journal={Johns Hopkins APL Technical Digest (Applied Physics Laboratory)},
  volume=28,
  number=3,
  pages={274--275},
  year=2010,
  publisher={John Hopkins University Press}
}

@unpublished{Yang:ARXIV20,
  title={Non-uniform sampled motion planning for continuous-time stl},
  author={Yang, Guang and Belta, Calin and Tron, Roberto},
  booktitle=ARXIV,
  url={https://arxiv.org/abs/2006.02351},
  year=2020
}

@article{Karimian:ARXIV20,
  title={Statistical Outlier Identification in Multi-robot Visual SLAM using Expectation Maximization},
  author={Karimian, Arman and Yang, Ziqi and Tron, Roberto},
  journal=ARXIV,
  url={https://arxiv.org/abs/2002.02638},
  year=2020
}

@article{Bahreinian:TCNS21,
  title={Localization Verifiability Under Outlier Measurements with Linear Programming},
  author={Mahroo Bahreinian and Roberto Tron},
  journal=IEEE_J_CNS,
  year={2022},
}

@inproceedings{WangC:CDC22,
  author={Chenfei Wang and Roberto Tron},
  title={Optimal Linear Multiple Estimation for Landmark based Feedback Control},
  booktitle=IEEE_C_CDC,
  year={2022}
}

@inproceedings{Ahmad:CDC22,
  author={Ahmad Ahmad and Calin Belta and Roberto Tron},
  title={Adaptive Sampling-based Motion Planning with Control Barrier Functions},
  booktitle=IEEE_C_CDC,
  year={2022}
}

@inproceedings{Bahreinian:CDC22,
  author={Mahroo Bahreinian and Roberto Tron},
  title={Output-Feedback Path Planning with Robustness to State-Dependent Errors},
  booktitle=IEEE_C_CDC,
  year={2022}
}

@inproceedings{Cohen:CDC22,
  author={Max Cohen and Calin Belta and Roberto Tron},
  title={Robust Control Barrier Functions for Nonlinear Control Systems with Uncertainty: A Duality-based Approach},
  booktitle=IEEE_C_CDC,
  year={2022}
}

@inproceedings{Mitjans:IROS22,
  author={Marc Mitjans and David Michael Levine and Louis Awad and Roberto Tron},
  title={Koopman pose predictions for temporally consistent human walking estimations},
  booktitle = IEEE_C_IROS,
  year={2022},
}

@comment{Berlind:IROS22,
  author={Carter Berlind and Roberto Tron},
  title={An Extensible Dashboard for Displaying Information for Debugging Multi-Robot Systems},
  booktitle = IEEE_C_IROS,
  year={2022 (submitted)},
}

@article{Mitjans:IJRR22,
  author = {M. Mitjans and M. Theofanidis and A.N. Collimore and M. L. Disney and D. M. Levine and L. N. Awad and R. Tron},
  title =  {A visual-inertial filtering approach to 3-D gait estimations for clinical mobility assessment},
  journal =IJRR,
  year = {2023 (under review)}
  }

@inproceedings{Kermanshah:ACC23,
  author={Mehdi Kermanshah, Nguyen Nguyen, Calin Belta and Roberto Tron},
  title={Robust Filtering based on Complex Cell Networks from the Visual Cortex},
  booktitle=IEEE_C_ACC,
  year={2023}
}

@inproceedings{Li:ACC23,
  author={Danyang Li and Mingyu Cai and Cristian Ioan Vasile and  and Roberto Tron},
  title={Learning Signal Temporal Logic through Neural Network for Interpretable Classification},
  booktitle=IEEE_C_ACC,
  year={2023}
}

@inproceedings{Beaver:IFAC23,
  author={Logan E. Beaver and Roberto Tron and Christos G. Cassandras},
  title={A Graph-Based Approach to Generate Optimal Trajectories in Polygonal Environments},
  booktitle=IFAC_P,
  year={2023}
}

@InProceedings{Wardega:AAMS23a,
  author =       {Kacper Wardega  and Max von Hippel  and Cristina Nita-Rotaru  and Roberto Tron  and Wenchao Li},
  title =        {{HoLA} Robots: Mitigating Plan-Deviation Attacks with Co-Observations and Horizon-Limiting Announcements},
  booktitle = {International Conference on Autonomous Agents and Multiagent Systems},
  year =      {2023 (accepted)}
  }

@InProceedings{Wardega:AAMS23b,
  author =       {Kacper Wardega  and Max von Hippel and Roberto Tron and Cristina Nita-Rotaru   and Wenchao Li},
  title =        {Byzantine Resilience at Swarm Scale: A Decentralized Blocklist from Inter-robot Accusations},
  booktitle = {International Conference on Autonomous Agents and Multiagent Systems},
  year =      {2023 (accepted)}
}

@comment{Ghattas:IROS23,
  author =       {Ola Ghattas and Chiara Boretti and Philippe Bich and Roberto Tron and John Baillieul},
  title =        {Monocular Visual Navigation with Deep Neural Network-based Time-to-Transit Estimation },
  booktitle = IEEE_C_IROS,
  year =      {2023 (submitted)},
}

@InProceedings{Coffey:IROS23,
  author =       {Mela Coffey and Dawei Zhang and Roberto Tron and Alyssa Pierson},
  title =        {Reactive and Safe Co-Navigation with Haptic Guidance },
  booktitle = IEEE_C_IROS,
  year =      {2023 (accepted)},
}

@InProceedings{WangZ:IROS23,
  author =       {Zili Wang and Drew Threatt and Sean Andersson and Roberto Tron},
  title =        {Do More with Less: Single-Model, Multi-Goal Architectures for Resource-Constrained Robots},
  booktitle = IEEE_C_IROS,
  year =      {2023 (accepted)},
}

@InProceedings{Wu:CDC23,
  author= {Liangting Wu and Roberto Tron},
  title =        {An {SDP} Optimization Formulation for the {I}nverse {K}inematics Problem},
  year =         2023,
  booktitle = IEEE_C_CDC
}

@InProceedings{Ahmad:CDC23,
  author =       {Ahmad Ahmad and Cristian Ioan Vasile and Roberto Tron and Calin Belta},
  title =        {Robustness Measures and Monitors for Time Window Temporal Logic},
  booktitle = IEEE_C_CDC,
  year =      2023
}

@inproceedings{Kermanshah:ACC24,
  author={Mehdi Kermanshah and Calin Belta and Roberto Tron},
  title={Control-Based Planning over Probability Mass Function Measurements via Robust Linear Programming},
  booktitle=IEEE_C_ACC,
  year={2024}
}

@inproceedings{WangZ:ACC24,
  author={Zili Wang and Sean B. Andersson and Roberto Tron},
  title={Lyapunov Neural Network with Region of Attraction Search},
  booktitle=IEEE_C_ACC,
  year={2024}
}

@inproceedings{Li:ACC24,
  author={Danyang Li and Roberto Tron},
  title={Multi-class Temporal Logic Neural Networks},
  booktitle=IEEE_C_ACC,
  year={2024}
}

@article{napoli2023distance,
  title={Distance-coupling as an Approach to Position and Formation Control},
  author={Napoli, Michael and Tron, Roberto},
  journal={arXiv preprint arXiv:2311.17909},
  year={2023}
}

@inproceedings{karimian2023essential,
  title={Essential Matrix Estimation using Convex Relaxations in Orthogonal Space},
  author={Karimian, Arman and Tron, Roberto},
  booktitle=IEEE_C_CVPR,
  pages={17142--17152},
  year={2023}
}
