%% 3D segmentation
@inproceedings{tchapmi2017segcloud,
  title={Segcloud: Semantic segmentation of {3D} point clouds},
  author={Tchapmi, Lyne and Choy, Christopher and Armeni, Iro and Gwak, JunYoung and Savarese, Silvio},
  booktitle={International conference on {3D} vision},
  pages={537--547},
  year={2017},
  organization={IEEE}
}

@inproceedings{lawin2017deep,
  title={Deep projective {3D} semantic segmentation},
  author={Lawin, Felix J{\"a}remo and Danelljan, Martin and Tosteberg, Patrik and Bhat, Goutam and Khan, Fahad Shahbaz and Felsberg, Michael},
  booktitle={International Conference on Computer Analysis of Images and Patterns},
  pages={95--107},
  year={2017},
  organization={Springer}
}

@inproceedings{cheng20212,
  title={2-{S3Net}: Attentive feature fusion with adaptive feature selection for sparse semantic segmentation network},
  author={Cheng, Ran and Razani, Ryan and Taghavi, Ehsan and Li, Enxu and Liu, Bingbing},
  booktitle={Proceedings of the IEEE/CVF Conference on Computer Vision and Pattern Recognition},
  pages={12547--12556},
  year={2021}
}

@article{zhao2021similarity,
  title={Similarity-Aware Fusion Network for 3D Semantic Segmentation},
  author={Zhao, Linqing and Lu, Jiwen and Zhou, Jie},
  journal={arXiv preprint arXiv:2107.01579},
  year={2021}
}

@inproceedings{graham20183d,
  title={3{D} semantic segmentation with submanifold sparse convolutional networks},
  author={Graham, Benjamin and Engelcke, Martin and Van Der Maaten, Laurens},
  booktitle={Proceedings of the IEEE conference on computer vision and pattern recognition},
  pages={9224--9232},
  year={2018}
}
