@article{Attanasi:PAMI15,
  title={{GReTA} - A novel {G}lobal and {R}ecursive {T}racking {A}lgorithm in three dimensions},
  author={A. Attanasi and A. Cavagna and L. Del Castello and I. Giardina and A. Jelic and S. Melillo and L. Parisi and F. Pellacini and E. Shen and E. Silvestri},
  journal=IEEE_J_PAMI,
volume={37},
number={12},
  year={2015},
  publisher={IEEE}
}

@inproceedings{Wu:ICCV09,
  title={Tracking a large number of objects from multiple views},
  author={Z. Wu and N. I. Hristov and T. L. Hedrick and T. H. Kunz and M. Betke},
  booktitle=IEEE_C_ICCV,
  pages={1546--1553},
  year={2009},
}

@inproceedings{Zou:ICCV09,
  title={Reconstructing {3D} motion trajectories of particle swarms by global correspondence selection},
  author={D. Zou and Q. Zhao and H. S. Wu and Y. Q. Chen},
  booktitle=IEEE_C_ICCV,
  pages={1578--1585},
  year={2009},
}

@article{Wu:OE11,
  title={Automated {3D} trajectory measuring of large numbers of moving particles},
  author={H. S. Wu and Q. Zhao and D. Zou and Y. Q. Chen},
  journal={Optics express},
  volume={19},
  number={8},
  pages={7646--7663},
  year={2011},
  publisher={Optical Society of America}
}

@inproceedings{Wu:CVPR11,
  title={Efficient track linking methods for track graphs using network-flow and set-cover techniques},
  author={Z. Wu and T. H. Kunz and M. Betke},
  booktitle=IEEE_C_CVPR,
  pages={1185--1192},
  year={2011},
  organization={IEEE}
}

@inproceedings{Liu:ECCV12,
  title={Automatic tracking of a large number of moving targets in {3D}},
  author={Y. Liu and H. Li and Y. Q. Chen},
  booktitle=IEEE_C_ECCV,
  pages={730--742},
  year={2012},
  organization={Springer}
}

@article{Ardekani:JRSI12,
  title={Three-dimensional tracking and behaviour monitoring of multiple fruit flies},
  author={R. Ardekani and A. Biyani and J. E. Dalton and J. B. Saltz and M. N. Arbeitman and J. Tower and S. Nuzhdin and S. Tavar{\'e}},
  journal={Journal of The Royal Society Interface},
  pages={rsif20120547},
  year={2012},
  publisher={The Royal Society}
}

% Tracking by detection (mostly 3-D detection)
@inproceedings{weng20203d,
  title={{3D} multi-object tracking: A baseline and new evaluation metrics},
  author={Weng, Xinshuo and Wang, Jianren and Held, David and Kitani, Kris},
  booktitle=IEEE_C_IROS,
  pages={10359--10366},
  year={2020},
  organization={IEEE}
}

@inproceedings{chiu2021probabilistic,
  title={Probabilistic {3D} multi-modal, multi-object tracking for autonomous driving},
  author={Chiu, Hsu-kuang and Li, Jie and Ambru{\c{s}}, Rare{\c{s}} and Bohg, Jeannette},
  booktitle=IEEE_C_ICRA,
  pages={14227--14233},
  year={2021},
  organization={IEEE}
}

@inproceedings{stearns2022spot,
  title={{SpOT}: Spatiotemporal modeling for {3D} object tracking},
  author={Stearns, Colton and Rempe, Davis and Li, Jie and Ambru{\c{s}}, Rare{\c{s}} and Zakharov, Sergey and Guizilini, Vitor and Yang, Yanchao and Guibas, Leonidas J},
  booktitle=IEEE_C_ECCV,
  pages={639--656},
  year={2022},
  organization={Springer}
}

@article{meyer2018message,
  title={Message passing algorithms for scalable multitarget tracking},
  author={Meyer, Florian and Kropfreiter, Thomas and Williams, Jason L and Lau, Roslyn and Hlawatsch, Franz and Braca, Paolo and Win, Moe Z},
  journal=IEEE_J_PROC,
  volume={106},
  number={2},
  pages={221--259},
  year={2018},
  publisher={IEEE},
  annote={Uses loopy BP for MTT}
}
