
@misc{ArrayOfThings,
  author= {{Argonne National Laboratory}},
  title = {Array of Things},
  howpublished = {\url{http://arrayofthings.github.io/index.html}},
  note = {Accessed: 2016-09-11}
}

@misc{SONYC,
  author= {{cre.tech}},
  title = {{NYU} Launches Research Initiative to Combat {NYC} Noise Pollution},
  howpublished = {\url{https://cre.tech/nyu-launches-research-initiative-combat-nyc-noise-pollution/}},
  note = {Accessed: 2016-09-11}
}

@misc{parallemic,
  author= {Ilian Bonev},
  title = {{ParalleMIC}: The Parallel Mechanisms Information Center},
  howpublished = {\url{https://www.parallemic.org/}},
  note = {Accessed: 2016-09-11}
}

@misc{Sookraj,
  author= {Brandon Sookraj},
  title = {EPIC Robotics Research Blog},
  howpublished = {\url{https://sookrajrobotics.wordpress.com/}},
  note = {Accessed: 2018-01-18}
}

@misc{HanchongJin,
  author= {Hanchong Jin},
  title = {2020 Spring BU Robotics Research},
  howpublished = {\url{https://2020hjfm.weebly.com}},
  note = {Accessed: 2023-02-07}
}

@misc{AudreyGaron,
  author= {Audrey Garon},
  title = {Audrey Garon's GROW updates},
  howpublished = {\url{https://sites.google.com/view/audreygarongrowupdates}},
  note = {Accessed: 2023-02-07}
}


@misc{NetMatch,
  author= {R. Tron},
  title={{N}et{M}atch: the Game, Git Repository},
  howpublished={\url{https://bitbucket.org/tronroberto/pythonnetmatchgame}},
  note = {Accessed: 2018-11-14}
}

@misc{Duckietown,
  author= {{Duckietown Fundation}},
  title = {Duckietown - {A} playful way to learn robotics},
  howpublished = {\url{https://www.duckietown.org/}},
  note = {Accessed: 2019-06-13}
}

@misc{DJITelloEdu,
  author= {{DJI Technology Co.}},
  title = {Tello EDU},
  howpublished = {\url{https://store.dji.com/product/tello-edu?vid=47091/}},
  note = {Accessed: 2019-06-17}
}

@misc{BUTodayIntroductionToRobotics,
  author= {{BU Today}},
  title = {Look, Ma, I Built a Robot},
  howpublished = {\url{http://www.bu.edu/today/2019/intro-to-robotics-class/}},
  note = {Accessed: 2019-06-17}
}

@misc{WikipediaStarconvex,
  author= {Wikipedia},
  title = {Star domain},
  howpublished = {\url{https://en.wikipedia.org/wiki/Star_domain/}},
  note = {Accessed: 2019-06-23}
}

@misc{UBMS,
  author= {{Boston University}},
  title = {Upward Bound Math Science},
  howpublished = {\url{https://www.bu.edu/ubms/}},
  note = {Accessed: 2019-06-23}
}

@misc{RISE,
  author= {{Boston University}},
  title = {RISE Internship/Practicum},
  howpublished = {\url{https://www.bu.edu/summer/high-school-programs/rise-internship-practicum/}},
  note = {Accessed: 2023-02-09}
}

@misc{GROW,
  author= {{Boston University}},
  title = {Greater Boston Research Opportunities for Young Women Program},
  howpublished = {\url{https://www.bu.edu/mysummer/academics/grow-greater-boston-research-opportunities-for-young-women/}},
  note = {Accessed: 2023-02-09}
}

@misc{TISP,
  author= {{Boston University}},
  title = {K-12 Outreach -- Technology Innovation Scholars Program},
  howpublished = {\url{https://www.bu.edu/eng/about/inclusion-outreach/k-12-outreach/}},
  note = {Accessed: 2021-07-22}
}

@Misc{BUODO,
  author =    {{Boston University}},
  title =     {Inclusion and Outreach},
  howpublished = {https://www.bu.edu/eng/about/inclusion-outreach/},
  note = {Accessed: 2021-07-23}
  }

@misc{CtlEic2018,
  author= {{Boston University Center for Teaching and Learning}},
  title = {Eighth Annual Educational Innovation Conference},
  howpublished = {\url{http://www.bu.edu/ctl/events/eic2018/}},
  note = {Accessed: 2019-06-23}
}

@misc{AWSImagine2018,
  author= {{Amazon AWS Services}},
  title = {{IMAGINE} Education Conference Agenda},
  howpublished = {\url{https://aws.amazon.com/education/imagine-edu/agenda/}},
  note = {Accessed: 2019-06-23}
}

@misc{Overleaf,
  author= {John Hammersley and John Lees-Miller},
  title = {Overleaf},
  howpublished = {\url{https://www.overleaf.com/}},
  note = {Accessed: 2020-04-26}
}

@misc{GoogleDrive,
  author= {{Google LLC}},
  title = {Google Drive},
  howpublished = {\url{https://drive.google.com/}},
  note = {Accessed: 2020-04-26}
}

@misc{BitBucket,
  author= {Atlassian},
  title = {BitBucket},
  howpublished = {\url{https://bitbucket.org/}},
  note = {Accessed: 2020-04-26}
}

@misc{GitHub,
  author= {Microsoft},
  title = {GitHub},
  howpublished = {\url{https://github.com/}},
  note = {Accessed: 2020-04-26}
}

@misc{ArgoAI,
author={{Argo AI LLC}},
title={Argo AI: We're building self-driving technology you can trust.},
howpublished={\url{https://www.argo.ai/}},
note={Accessed: 2021-07-21}
}

@misc{Waymo,
author={{Waymo LLC}},
title={Waymo},
howpublished={\url{https://waymo.com/}},
note={Accessed: 2021-07-21}
}

@misc{Zoox,
author={Zoox},
title={Zoox: The future is for riders},
howpublished={\url{https://zoox.com/}},
note={Accessed: 2021-07-21}
}

@misc{Cruise,
author={{Cruise LLC}},
title={Cruise},
howpublished={https://www.getcruise.com/},
note={Accessed: 2021-07-21}
}

@misc{Aptiv,
author={{Aptiv PLC}},
title={Autonomous Mobility - Aptiv},
howpublished={https://www.aptiv.com/},
note={Accessed: 2021-07-21}
}

@Misc{gradescope,
  author =    {{Gradescope, Inc.}},
  title =     {Gradescope},
  howpublished = {https://www.gradescope.com/}
}

@Misc{TCP,
  author =    {{The Calculus Project - Creating a path to success in mathematics}},
  title =     {{The Calculus Project}},
  howpublished = {http://thecalculusproject.org/}
}

@Misc{VeoliaFukushima,
  author =    {{Veoliaâ€™s Nuclear Solutions}},
  title =     {{Go Where No Human Can With Innovative Robotic Solutions}},
  howpublished = {https://www.nuclearsolutions.veolia.com/en/our-expertise/case-studies/fukushima-daiichi-japan/go-where-no-human-can-innovative-robotic}
}

@Misc{TeslaFail1,
  author =    {{ABC7 News}},
  title =     {{Tesla 'full self-driving' triggered 8-car crash on Bay Bridge, driver tells police}},
  howpublished = {https://abc7news.com/tesla-autopilot-crash-sf-bay-bridge-8-car-self-driving/12599448/
}
}

@Misc{TeslaFail2,
  author =    {{Washington Post}},
  title =     {{Teslas running Autopilot involved in 273 crashes reported since last year
}},
  howpublished = {https://www.washingtonpost.com/technology/2022/06/15/tesla-autopilot-crashes/
}
}

@Misc{TeslaFail3,
  author =    {{Tesla under investigation by NHTSA for two more crashes that may have involved Autopilot or FSD
}},
  title =     {{CNBC}},
  howpublished = {https://www.cnbc.com/2022/12/22/nhtsa-initiates-two-more-tesla-crash-investigations.html}
}
