@misc{multiplo,
  author= {Multiplo LLC},
  title = {Multiplo Git Repository},
  howpublished = {\url{https://github.com/multiplo}},
  note = {Accessed: 2019-06-19}
}

@misc{vex,
  author= {VEX Robotics},
  title = {Multiplo Git Repository},
  howpublished = {\url{https://www.vexrobotics.com/}},
  note = {Accessed: 2019-06-19}
}

@misc{makeblock,
  author= {Makeblock},
  title = {Makeblock: Global STEAM Education Solution Provider},
  howpublished = {\url{https://www.makeblock.com/}},
  note = {Accessed: 2019-06-19}
}

@misc{mindstorm,
  author= {LEGO},
  title = {Mindstorms LEGO},
  howpublished = {\url{https://www.lego.com/mindstorms/}},
  note = {Accessed: 2019-06-19}
}

@misc{rastic,
  author= {Massachusetts Technology Collaborative},
  title = {Baker-Polito Administration Awards \$4.4 Million R\&D Grant for New Boston University Robotics Facility},
  howpublished = {https://masstech.org/news/baker-polito-administration-awards-44-million-rd-grant-new-boston-university-robotics-facility}},
  note = {Accessed: 2023-08-10}
}

https://masstech.org/news/baker-polito-administration-awards-44-million-rd-grant-new-boston-university-robotics-facility