@misc{WeaselWords,
   author = "Wikipedia",
   title = "{Weasel word}",
   year = "2024",
   howpublished = {\url{http://en.wikipedia.org/w/index.php?title=Weasel\%20word&oldid=1232553428}},
   note = "[Online; accessed 26-August-2024]"
}

@misc{WidowOrphanLines,
   author = "Wikipedia",
   title = "{Widows and orphans}",
   year = "2024",
   howpublished = {\url{http://en.wikipedia.org/w/index.php?title=Widows\%20and\%20orphans&oldid=1232817036}},
   note = "[Online; accessed 26-August-2024]"
 }
